<?xml version="1.0" encoding="UTF-8"?>
<!DOCTYPE html PUBLIC "-//W3C//DTD XHTML 1.0 Transitional//EN"
    "http://www.w3.org/TR/xhtml1/DTD/xhtml1-transitional.dtd">
<html xmlns="http://www.w3.org/1999/xhtml" xml:lang="en" lang="en">
 <head>
  <title>
</title>
<meta http-equiv="Content-Type" content="text/html;charset=utf-8" />
  <meta name='ocr-system' content='tesseract 3.04.00' />
  <meta name='ocr-capabilities' content='ocr_page ocr_carea ocr_par ocr_line ocrx_word'/>
</head>
<body>
  <div class='ocr_page' id='page_1' title='image "./joannislelandia10lelagoog/joannislelandia10lelagoog_0100.png"; bbox 0 0 3392 5300; ppageno 0'>
   <div class='ocr_carea' id='block_1_1' title="bbox 459 438 1486 673">
    <p class='ocr_par' dir='ltr' id='par_1_1' title="bbox 459 438 1486 673">
     <span class='ocr_line' id='line_1_1' title="bbox 638 438 1404 538; baseline -0.008 -16"><span class='ocrx_word' id='word_1_1' title='bbox 638 438 1404 538; x_wconf 80' lang='lat' dir='ltr'>Jonuursnrnnuut·&#39;</span> 
     </span>
     <span class='ocr_line' id='line_1_2' title="bbox 459 573 1486 673; baseline -0.007 -22"><span class='ocrx_word' id='word_1_2' title='bbox 459 607 545 673; x_wconf 89' lang='lat' dir='ltr'>gens,</span> <span class='ocrx_word' id='word_1_3' title='bbox 569 606 628 651; x_wconf 90' lang='lat' dir='ltr'>non</span> <span class='ocrx_word' id='word_1_4' title='bbox 644 586 749 669; x_wconf 91' lang='lat' dir='ltr'>procul</span> <span class='ocrx_word' id='word_1_5' title='bbox 774 580 897 647; x_wconf 70' lang='lat' dir='ltr'>acastre</span> <span class='ocrx_word' id='word_1_6' title='bbox 911 577 1037 643; x_wconf 84' lang='lat' dir='ltr'>distante</span> <span class='ocrx_word' id='word_1_7' title='bbox 1050 573 1195 641; x_wconf 90' lang='lat' dir='ltr'>subintrat</span> <span class='ocrx_word' id='word_1_8' title='bbox 1208 575 1339 641; x_wconf 83' lang='lat' dir='ltr'>Australi</span> <span class='ocrx_word' id='word_1_9' title='bbox 1351 573 1486 664; x_wconf 88' lang='lat' dir='ltr'>scopulo,</span> 
     </span>
    </p>
   </div>
   <div class='ocr_carea' id='block_1_2' title="bbox 339 665 1487 758">
    <p class='ocr_par' dir='ltr' id='par_1_2' title="bbox 339 665 1487 758">
     <span class='ocr_line' id='line_1_3' title="bbox 339 665 1487 758; baseline -0.016 -17"><span class='ocrx_word' id='word_1_10' title='bbox 339 708 343 715; x_wconf 95' lang='lat'>·</span> <span class='ocrx_word' id='word_1_11' title='bbox 458 676 589 758; x_wconf 90' lang='lat' dir='ltr'>stpaulo</span> <span class='ocrx_word' id='word_1_12' title='bbox 612 677 642 737; x_wconf 91' lang='lat' dir='ltr'>in</span> <span class='ocrx_word' id='word_1_13' title='bbox 658 674 780 735; x_wconf 89' lang='lat' dir='ltr'>boream</span> <span class='ocrx_word' id='word_1_14' title='bbox 797 669 825 733; x_wconf 89' lang='lat' dir='ltr'>se</span> <span class='ocrx_word' id='word_1_15' title='bbox 848 672 917 753; x_wconf 90' lang='lat' dir='ltr'>plus</span> <span class='ocrx_word' id='word_1_16' title='bbox 940 665 1140 751; x_wconf 82' lang='lat' dir='ltr'>protenderet,</span> <span class='ocrx_word' id='word_1_17' title='bbox 1164 682 1271 749; x_wconf 87' lang='lat' dir='ltr'>aptum</span> <span class='ocrx_word' id='word_1_18' title='bbox 1290 669 1415 730; x_wconf 83' lang='lat' dir='ltr'>navium</span> <span class='ocrx_word' id='word_1_19' title='bbox 1438 688 1487 732; x_wconf 75' lang='lat' dir='ltr'>re·</span> 
     </span>
    </p>
   </div>
   <div class='ocr_carea' id='block_1_3' title="bbox 373 739 1487 1878">
    <p class='ocr_par' dir='ltr' id='par_1_3' title="bbox 373 739 1487 1366">
     <span class='ocr_line' id='line_1_4' title="bbox 457 739 1487 845; baseline -0.009 -20"><span class='ocrx_word' id='word_1_20' title='bbox 457 764 588 845; x_wconf 76' lang='lat' dir='ltr'>captioni</span> <span class='ocrx_word' id='word_1_21' title='bbox 611 776 734 843; x_wconf 90' lang='lat' dir='ltr'>portum</span> <span class='ocrx_word' id='word_1_22' title='bbox 759 757 893 822; x_wconf 78' lang='lat' dir='ltr'>iaciente</span> <span class='ocrx_word' id='word_1_23' title='bbox 939 760 1036 819; x_wconf 88' lang='lat' dir='ltr'>Naves</span> <span class='ocrx_word' id='word_1_24' title='bbox 1059 753 1152 837; x_wconf 86' lang='lat' dir='ltr'>igitur</span> <span class='ocrx_word' id='word_1_25' title='bbox 1173 750 1368 837; x_wconf 86' lang='lat' dir='ltr'>quascunque</span> <span class='ocrx_word' id='word_1_26' title='bbox 1388 739 1487 818; x_wconf 73' lang='lat' dir='ltr'>screa</span> 
     </span>
     <span class='ocr_line' id='line_1_5' title="bbox 459 840 1486 928; baseline -0.009 -14"><span class='ocrx_word' id='word_1_27' title='bbox 459 850 611 928; x_wconf 63' lang='lat' dir='ltr'>Britannia</span> <span class='ocrx_word' id='word_1_28' title='bbox 631 850 738 927; x_wconf 89' lang='lat' dir='ltr'>Majori</span> <span class='ocrx_word' id='word_1_29' title='bbox 758 846 790 909; x_wconf 90' lang='lat' dir='ltr'>iu</span> <span class='ocrx_word' id='word_1_30' title='bbox 815 845 987 908; x_wconf 82' lang='lat' dir='ltr'>Hiberniam</span> <span class='ocrx_word' id='word_1_31' title='bbox 1003 846 1102 905; x_wconf 86' lang='lat' dir='ltr'><strong>Eurus</strong></span> <span class='ocrx_word' id='word_1_32' title='bbox 1117 840 1254 922; x_wconf 79' lang='lat' dir='ltr'><strong>impellit,</strong></span> <span class='ocrx_word' id='word_1_33' title='bbox 1277 842 1316 903; x_wconf 92' lang='lat' dir='ltr'>ab</span> <span class='ocrx_word' id='word_1_34' title='bbox 1339 842 1400 904; x_wconf 88' lang='lat' dir='ltr'>boc</span> <span class='ocrx_word' id='word_1_35' title='bbox 1415 864 1486 927; x_wconf 92' lang='lat' dir='ltr'>pto·</span> 
     </span>
     <span class='ocr_line' id='line_1_6' title="bbox 458 926 1486 1021; baseline -0.008 -21"><span class='ocrx_word' id='word_1_36' title='bbox 458 935 562 1021; x_wconf 75' lang='lat' dir='ltr'>speslu</span> <span class='ocrx_word' id='word_1_37' title='bbox 584 952 642 997; x_wconf 85' lang='lat' dir='ltr'>tam</span> <span class='ocrx_word' id='word_1_38' title='bbox 657 934 882 997; x_wconf 80' lang='lat' dir='ltr'>formidandam</span> <span class='ocrx_word' id='word_1_39' title='bbox 895 946 1054 993; x_wconf 88' lang='lat' dir='ltr'>ventorum</span> <span class='ocrx_word' id='word_1_40' title='bbox 1067 926 1299 1002; x_wconf 82' lang='lat' dir='ltr'>inconstantiam,</span> <span class='ocrx_word' id='word_1_41' title='bbox 1323 949 1416 1010; x_wconf 89' lang='lat' dir='ltr'>quam</span> <span class='ocrx_word' id='word_1_42' title='bbox 1436 929 1486 992; x_wconf 91' lang='lat' dir='ltr'>fu·</span> 
     </span>
     <span class='ocr_line' id='line_1_7' title="bbox 458 1015 1485 1099; baseline -0.01 -10"><span class='ocrx_word' id='word_1_43' title='bbox 458 1024 629 1099; x_wconf 84' lang='lat' dir='ltr'>ribundan&#39;r,</span> <span class='ocrx_word' id='word_1_44' title='bbox 652 1026 683 1085; x_wconf 88' lang='lat'>&amp;</span> <span class='ocrx_word' id='word_1_45' title='bbox 708 1042 814 1085; x_wconf 83' lang='lat' dir='ltr'>cacam</span> <span class='ocrx_word' id='word_1_46' title='bbox 836 1019 986 1083; x_wconf 88' lang='lat' dir='ltr'>fretorum</span> <span class='ocrx_word' id='word_1_47' title='bbox 1007 1018 1129 1091; x_wconf 85' lang='lat' dir='ltr'>rabiem,</span> <span class='ocrx_word' id='word_1_48' title='bbox 1153 1016 1251 1077; x_wconf 88' lang='lat' dir='ltr'>videas</span> <span class='ocrx_word' id='word_1_49' title='bbox 1271 1015 1414 1078; x_wconf 65' lang='lat' dir='ltr'>audasier</span> <span class='ocrx_word' id='word_1_50' title='bbox 1440 1034 1485 1079; x_wconf 94' lang='lat' dir='ltr'>at·</span> 
     </span>
     <span class='ocr_line' id='line_1_8' title="bbox 460 1101 1484 1193; baseline -0.008 -18"><span class='ocrx_word' id='word_1_51' title='bbox 460 1126 614 1193; x_wconf 83' lang='lat' dir='ltr'>temprare.</span> <span class='ocrx_word' id='word_1_52' title='bbox 662 1115 759 1172; x_wconf 89' lang='lat' dir='ltr'>Terra</span> <span class='ocrx_word' id='word_1_53' title='bbox 775 1111 899 1183; x_wconf 89' lang='lat' dir='ltr'>triticea,</span> <span class='ocrx_word' id='word_1_54' title='bbox 911 1106 1028 1168; x_wconf 89' lang='lat' dir='ltr'>marinis</span> <span class='ocrx_word' id='word_1_55' title='bbox 1043 1101 1170 1189; x_wconf 83' lang='lat' dir='ltr'>piscibus</span> <span class='ocrx_word' id='word_1_56' title='bbox 1185 1103 1314 1185; x_wconf 88' lang='lat' dir='ltr'>vinoque</span> <span class='ocrx_word' id='word_1_57' title='bbox 1326 1104 1422 1167; x_wconf 89' lang='lat' dir='ltr'>venali</span> <span class='ocrx_word' id='word_1_58' title='bbox 1434 1126 1484 1167; x_wconf 89' lang='lat' dir='ltr'>co·</span> 
     </span>
     <span class='ocr_line' id='line_1_9' title="bbox 457 1190 1484 1282; baseline -0.008 -21"><span class='ocrx_word' id='word_1_59' title='bbox 457 1199 538 1282; x_wconf 90' lang='lat' dir='ltr'>pinse</span> <span class='ocrx_word' id='word_1_60' title='bbox 556 1196 673 1273; x_wconf 88' lang='lat' dir='ltr'>referta,</span> <span class='ocrx_word' id='word_1_61' title='bbox 692 1200 736 1271; x_wconf 77' lang='lat' dir='ltr'>dr,</span> <span class='ocrx_word' id='word_1_62' title='bbox 759 1197 845 1280; x_wconf 90' lang='lat' dir='ltr'>quod</span> <span class='ocrx_word' id='word_1_63' title='bbox 859 1193 1000 1258; x_wconf 83' lang='lat' dir='ltr'>omuibus</span> <span class='ocrx_word' id='word_1_64' title='bbox 1021 1190 1146 1275; x_wconf 82' lang='lat' dir='ltr'>praestat,</span> <span class='ocrx_word' id='word_1_65' title='bbox 1169 1212 1206 1256; x_wconf 83' lang='lat' dir='ltr'>ex</span> <span class='ocrx_word' id='word_1_66' title='bbox 1221 1192 1375 1253; x_wconf 85' lang='lat' dir='ltr'>Hiberniae</span> <span class='ocrx_word' id='word_1_67' title='bbox 1388 1192 1484 1255; x_wconf 86' lang='lat' dir='ltr'>conli-</span> 
     </span>
     <span class='ocr_line' id='line_1_10' title="bbox 373 1278 1483 1366; baseline -0.012 -12"><span class='ocrx_word' id='word_1_68' title='bbox 373 1279 381 1292; x_wconf 62' lang='lat'><em>&#39;</em></span> <span class='ocrx_word' id='word_1_69' title='bbox 456 1291 509 1353; x_wconf 90' lang='lat' dir='ltr'>uio</span> <span class='ocrx_word' id='word_1_70' title='bbox 522 1290 598 1351; x_wconf 71' lang='lat' dir='ltr'>aeris</span> <span class='ocrx_word' id='word_1_71' title='bbox 610 1285 777 1348; x_wconf 82' lang='lat' dir='ltr'>salubritate</span> <span class='ocrx_word' id='word_1_72' title='bbox 792 1299 964 1366; x_wconf 89' lang='lat' dir='ltr'>temperata.</span> <span class='ocrx_word' id='word_1_73' title='bbox 995 1284 1158 1345; x_wconf 80' lang='lat' dir='ltr'>Terrarum</span> <span class='ocrx_word' id='word_1_74' title='bbox 1169 1280 1261 1362; x_wconf 87' lang='lat' dir='ltr'>igitur</span> <span class='ocrx_word' id='word_1_75' title='bbox 1270 1278 1424 1342; x_wconf 85' lang='lat' dir='ltr'>Cambriae</span> <span class='ocrx_word' id='word_1_76' title='bbox 1437 1295 1483 1341; x_wconf 83' lang='lat' dir='ltr'>to·</span> 
     </span>
    </p>

    <p class='ocr_par' dir='ltr' id='par_1_4' title="bbox 401 1366 1484 1878">
     <span class='ocr_line' id='line_1_11' title="bbox 401 1366 1484 1456; baseline -0.009 -17"><span class='ocrx_word' id='word_1_77' title='bbox 401 1381 404 1389; x_wconf 85' lang='lat'><em>&#39;</em></span> <span class='ocrx_word' id='word_1_78' title='bbox 458 1373 531 1449; x_wconf 80' lang='lat' dir='ltr'>tius,</span> <span class='ocrx_word' id='word_1_79' title='bbox 555 1374 668 1456; x_wconf 85' lang='lat' dir='ltr'>septem</span> <span class='ocrx_word' id='word_1_80' title='bbox 690 1372 862 1435; x_wconf 89' lang='lat' dir='ltr'>Cautaredis</span> <span class='ocrx_word' id='word_1_81' title='bbox 875 1366 1016 1443; x_wconf 90' lang='lat' dir='ltr'>conserta,</span> <span class='ocrx_word' id='word_1_82' title='bbox 1040 1370 1179 1433; x_wconf 89' lang='lat' dir='ltr'>Demetia</span> <span class='ocrx_word' id='word_1_83' title='bbox 1197 1382 1258 1429; x_wconf 91' lang='lat' dir='ltr'>tam</span> <span class='ocrx_word' id='word_1_84' title='bbox 1281 1367 1484 1449; x_wconf 87' lang='lat' dir='ltr'>pulcherrima</span> 
     </span>
     <span class='ocr_line' id='line_1_12' title="bbox 458 1452 1483 1545; baseline -0.01 -20"><span class='ocrx_word' id='word_1_85' title='bbox 458 1460 502 1525; x_wconf 86' lang='lat' dir='ltr'>est</span> <span class='ocrx_word' id='word_1_86' title='bbox 515 1480 607 1545; x_wconf 88' lang='lat' dir='ltr'>quam</span> <span class='ocrx_word' id='word_1_87' title='bbox 624 1460 780 1543; x_wconf 86' lang='lat' dir='ltr'>potiffima.</span> <span class='ocrx_word' id='word_1_88' title='bbox 827 1457 973 1523; x_wconf 87' lang='lat' dir='ltr'>Demetiae</span> <span class='ocrx_word' id='word_1_89' title='bbox 988 1476 1058 1518; x_wconf 88' lang='lat' dir='ltr'>vero</span> <span class='ocrx_word' id='word_1_90' title='bbox 1072 1452 1266 1528; x_wconf 90' lang='lat' dir='ltr'>Peubrochia,</span> <span class='ocrx_word' id='word_1_91' title='bbox 1289 1453 1483 1516; x_wconf 75' lang='lat' dir='ltr'>Penbrochiae</span> 
     </span>
     <span class='ocr_line' id='line_1_13' title="bbox 458 1541 1483 1633; baseline -0.005 -22"><span class='ocrx_word' id='word_1_92' title='bbox 458 1550 584 1633; x_wconf 91' lang='lat' dir='ltr'>quidem</span> <span class='ocrx_word' id='word_1_93' title='bbox 596 1565 671 1612; x_wconf 90' lang='lat' dir='ltr'>terra</span> <span class='ocrx_word' id='word_1_94' title='bbox 681 1544 861 1630; x_wconf 81' lang='lat' dir='ltr'>praescripta.</span> <span class='ocrx_word' id='word_1_95' title='bbox 876 1544 976 1607; x_wconf 85' lang='lat' dir='ltr'>Restat</span> <span class='ocrx_word' id='word_1_96' title='bbox 987 1545 1088 1627; x_wconf 81' lang='lat' dir='ltr'>igitur,</span> <span class='ocrx_word' id='word_1_97' title='bbox 1097 1556 1131 1604; x_wconf 93' lang='lat' dir='ltr'>ut</span> <span class='ocrx_word' id='word_1_98' title='bbox 1142 1541 1288 1605; x_wconf 87' lang='lat' dir='ltr'>Cambriae</span> <span class='ocrx_word' id='word_1_99' title='bbox 1298 1544 1392 1604; x_wconf 91' lang='lat' dir='ltr'>totius</span> <span class='ocrx_word' id='word_1_100' title='bbox 1401 1542 1483 1607; x_wconf 82' lang='lat' dir='ltr'>locus</span> 
     </span>
     <span class='ocr_line' id='line_1_14' title="bbox 458 1629 1482 1714; baseline -0.012 -13"><span class='ocrx_word' id='word_1_101' title='bbox 458 1634 497 1701; x_wconf 85' lang='lat' dir='ltr'>stt</span> <span class='ocrx_word' id='word_1_102' title='bbox 511 1636 561 1701; x_wconf 87' lang='lat' dir='ltr'>hic</span> <span class='ocrx_word' id='word_1_103' title='bbox 572 1636 790 1701; x_wconf 85' lang='lat' dir='ltr'>amoenillimus.</span> <span class='ocrx_word' id='word_1_104' title='bbox 825 1638 894 1695; x_wconf 91' lang='lat' dir='ltr'>Non</span> <span class='ocrx_word' id='word_1_105' title='bbox 907 1637 1008 1714; x_wconf 87' lang='lat' dir='ltr'>itaque</span> <span class='ocrx_word' id='word_1_106' title='bbox 1017 1629 1199 1704; x_wconf 90' lang='lat' dir='ltr'>mirandum,</span> <span class='ocrx_word' id='word_1_107' title='bbox 1217 1649 1279 1693; x_wconf 90' lang='lat' dir='ltr'>uon</span> <span class='ocrx_word' id='word_1_108' title='bbox 1290 1630 1377 1692; x_wconf 88' lang='lat' dir='ltr'>venia</span> <span class='ocrx_word' id='word_1_109' title='bbox 1388 1630 1482 1711; x_wconf 82' lang='lat' dir='ltr'>indig-</span> 
     </span>
     <span class='ocr_line' id='line_1_15' title="bbox 458 1715 1483 1804; baseline -0.004 -17"><span class='ocrx_word' id='word_1_110' title='bbox 458 1744 543 1797; x_wconf 86' lang='lat' dir='ltr'>num,</span> <span class='ocrx_word' id='word_1_111' title='bbox 567 1720 589 1785; x_wconf 84' lang='lat' dir='ltr'>st</span> <span class='ocrx_word' id='word_1_112' title='bbox 613 1723 707 1785; x_wconf 85' lang='lat' dir='ltr'>natale</span> <span class='ocrx_word' id='word_1_113' title='bbox 726 1720 832 1795; x_wconf 86' lang='lat' dir='ltr'>solum,</span> <span class='ocrx_word' id='word_1_114' title='bbox 856 1722 1032 1804; x_wconf 87' lang='lat' dir='ltr'>genialeque</span> <span class='ocrx_word' id='word_1_115' title='bbox 1050 1718 1244 1795; x_wconf 85' lang='lat' dir='ltr'>territorium,</span> <span class='ocrx_word' id='word_1_116' title='bbox 1265 1715 1483 1801; x_wconf 78' lang='lat' dir='ltr'>profusioribus</span> 
     </span>
     <span class='ocr_line' id='line_1_16' title="bbox 458 1809 964 1878; baseline -0.014 -2"><span class='ocrx_word' id='word_1_117' title='bbox 458 1810 585 1877; x_wconf 86' lang='lat' dir='ltr'>laudum</span> <span class='ocrx_word' id='word_1_118' title='bbox 602 1811 694 1875; x_wconf 87' lang='lat' dir='ltr'>titulis</span> <span class='ocrx_word' id='word_1_119' title='bbox 709 1826 795 1874; x_wconf 89' lang='lat' dir='ltr'>autor</span> <span class='ocrx_word' id='word_1_120' title='bbox 810 1809 964 1878; x_wconf 78' lang='lat' dir='ltr'>extulerit.</span> 
     </span>
    </p>
   </div>
   <div class='ocr_carea' id='block_1_4' title="bbox 886 1914 1051 1985">
    <p class='ocr_par' dir='ltr' id='par_1_5' title="bbox 886 1914 1051 1985">
     <span class='ocr_line' id='line_1_17' title="bbox 886 1914 1051 1985; baseline 0.006 -4"><span class='ocrx_word' id='word_1_121' title='bbox 886 1914 1051 1985; x_wconf 82' lang='lat' dir='ltr'>Lelandus.</span> 
     </span>
    </p>
   </div>
   <div class='ocr_carea' id='block_1_5' title="bbox 453 2010 1483 3046">
    <p class='ocr_par' dir='ltr' id='par_1_6' title="bbox 453 2010 1481 2263">
     <span class='ocr_line' id='line_1_18' title="bbox 500 2010 1481 2098; baseline -0.003 -18"><span class='ocrx_word' id='word_1_122' title='bbox 500 2016 644 2080; x_wconf 87' lang='lat' dir='ltr'>Giraldus</span> <span class='ocrx_word' id='word_1_123' title='bbox 669 2017 719 2081; x_wconf 84' lang='lat' dir='ltr'>hle</span> <span class='ocrx_word' id='word_1_124' title='bbox 738 2020 826 2081; x_wconf 88' lang='lat' dir='ltr'>etiam</span> <span class='ocrx_word' id='word_1_125' title='bbox 846 2015 986 2079; x_wconf 84' lang='lat' dir='ltr'>describit</span> <span class='ocrx_word' id='word_1_126' title='bbox 1010 2015 1169 2098; x_wconf 88' lang='lat' dir='ltr'>impetum,</span> <span class='ocrx_word' id='word_1_127' title='bbox 1198 2012 1229 2074; x_wconf 85' lang='lat'>&amp;</span> <span class='ocrx_word' id='word_1_128' title='bbox 1252 2010 1481 2090; x_wconf 77' lang='lat' dir='ltr'>animositatem,</span> 
     </span>
     <span class='ocr_line' id='line_1_19' title="bbox 453 2100 1481 2189; baseline -0.003 -20"><span class='ocrx_word' id='word_1_129' title='bbox 453 2100 619 2179; x_wconf 68' lang='lat' dir='ltr'>falconum,</span> <span class='ocrx_word' id='word_1_130' title='bbox 643 2108 697 2189; x_wconf 87' lang='lat' dir='ltr'>qui</span> <span class='ocrx_word' id='word_1_131' title='bbox 719 2107 749 2167; x_wconf 90' lang='lat' dir='ltr'>iu</span> <span class='ocrx_word' id='word_1_132' title='bbox 774 2105 1004 2171; x_wconf 88' lang='lat' dir='ltr'>Penbrochianis</span> <span class='ocrx_word' id='word_1_133' title='bbox 1019 2103 1145 2185; x_wconf 84' lang='lat' dir='ltr'>rupibus</span> <span class='ocrx_word' id='word_1_134' title='bbox 1166 2100 1326 2178; x_wconf 72' lang='lat' dir='ltr'>adificant,</span> <span class='ocrx_word' id='word_1_135' title='bbox 1348 2120 1481 2184; x_wconf 90' lang='lat' dir='ltr'>quorum</span> 
     </span>
     <span class='ocr_line' id='line_1_20' title="bbox 458 2187 1276 2263; baseline -0.001 -9"><span class='ocrx_word' id='word_1_136' title='bbox 458 2193 549 2263; x_wconf 84' lang='lat' dir='ltr'>etiam</span> <span class='ocrx_word' id='word_1_137' title='bbox 564 2192 634 2255; x_wconf 91' lang='lat' dir='ltr'>olim</span> <span class='ocrx_word' id='word_1_138' title='bbox 648 2192 870 2257; x_wconf 81' lang='lat' dir='ltr'>studiolilstmus</span> <span class='ocrx_word' id='word_1_139' title='bbox 883 2208 947 2255; x_wconf 89' lang='lat' dir='ltr'>erat</span> <span class='ocrx_word' id='word_1_140' title='bbox 961 2192 1106 2255; x_wconf 85' lang='lat' dir='ltr'>Hemieus</span> <span class='ocrx_word' id='word_1_141' title='bbox 1121 2187 1276 2253; x_wconf 89' lang='lat' dir='ltr'>secundus.</span> 
     </span>
    </p>

    <p class='ocr_par' dir='ltr' id='par_1_7' title="bbox 455 2274 1483 3046">
     <span class='ocr_line' id='line_1_21' title="bbox 501 2274 1482 2363; baseline -0.004 -19"><span class='ocrx_word' id='word_1_142' title='bbox 501 2283 562 2344; x_wconf 89' lang='lat' dir='ltr'>Iter</span> <span class='ocrx_word' id='word_1_143' title='bbox 576 2281 667 2363; x_wconf 85' lang='lat' dir='ltr'>igitur</span> <span class='ocrx_word' id='word_1_144' title='bbox 678 2282 716 2343; x_wconf 93' lang='lat' dir='ltr'>ab</span> <span class='ocrx_word' id='word_1_145' title='bbox 730 2278 926 2345; x_wconf 88' lang='lat' dir='ltr'>Havetsordia</span> <span class='ocrx_word' id='word_1_146' title='bbox 938 2276 1038 2343; x_wconf 87' lang='lat' dir='ltr'>versus</span> <span class='ocrx_word' id='word_1_147' title='bbox 1049 2276 1227 2351; x_wconf 87' lang='lat' dir='ltr'>Meueviam,</span> <span class='ocrx_word' id='word_1_148' title='bbox 1242 2274 1328 2358; x_wconf 81' lang='lat' dir='ltr'>quast</span> <span class='ocrx_word' id='word_1_149' title='bbox 1340 2296 1410 2340; x_wconf 85' lang='lat' dir='ltr'>xrr.</span> <span class='ocrx_word' id='word_1_150' title='bbox 1426 2280 1482 2340; x_wconf 87' lang='lat' dir='ltr'>mi·</span> 
     </span>
     <span class='ocr_line' id='line_1_22' title="bbox 457 2363 1483 2451; baseline 0.001 -22"><span class='ocrx_word' id='word_1_151' title='bbox 457 2367 582 2438; x_wconf 81' lang='lat' dir='ltr'>liaribus</span> <span class='ocrx_word' id='word_1_152' title='bbox 592 2368 660 2431; x_wconf 87' lang='lat' dir='ltr'>inde</span> <span class='ocrx_word' id='word_1_153' title='bbox 674 2368 839 2444; x_wconf 87' lang='lat' dir='ltr'>distantem,</span> <span class='ocrx_word' id='word_1_154' title='bbox 856 2366 1070 2451; x_wconf 83' lang='lat' dir='ltr'>aggredientes,</span> <span class='ocrx_word' id='word_1_155' title='bbox 1091 2364 1157 2438; x_wconf 88' lang='lat' dir='ltr'>ubi,</span> <span class='ocrx_word' id='word_1_156' title='bbox 1172 2384 1228 2445; x_wconf 86' lang='lat' dir='ltr'>pro</span> <span class='ocrx_word' id='word_1_157' title='bbox 1237 2363 1355 2445; x_wconf 84' lang='lat' dir='ltr'>juvenis</span> <span class='ocrx_word' id='word_1_158' title='bbox 1369 2364 1483 2449; x_wconf 86' lang='lat' dir='ltr'>egregii</span> 
     </span>
     <span class='ocr_line' id='line_1_23' title="bbox 456 2452 1482 2531; baseline -0.002 -14"><span class='ocrx_word' id='word_1_159' title='bbox 456 2454 584 2531; x_wconf 81' lang='lat' dir='ltr'>Giraldi,</span> <span class='ocrx_word' id='word_1_160' title='bbox 607 2456 663 2519; x_wconf 90' lang='lat' dir='ltr'>filii</span> <span class='ocrx_word' id='word_1_161' title='bbox 678 2458 831 2531; x_wconf 87' lang='lat' dir='ltr'>Gulielmi,</span> <span class='ocrx_word' id='word_1_162' title='bbox 849 2478 930 2530; x_wconf 90' lang='lat' dir='ltr'>nece,</span> <span class='ocrx_word' id='word_1_163' title='bbox 946 2455 1110 2517; x_wconf 91' lang='lat' dir='ltr'>multorum</span> <span class='ocrx_word' id='word_1_164' title='bbox 1125 2452 1255 2514; x_wconf 84' lang='lat' dir='ltr'>caedibus</span> <span class='ocrx_word' id='word_1_165' title='bbox 1269 2473 1424 2515; x_wconf 90' lang='lat' dir='ltr'>cruentam</span> <span class='ocrx_word' id='word_1_166' title='bbox 1437 2457 1482 2515; x_wconf 92' lang='lat' dir='ltr'>ui·</span> 
     </span>
     <span class='ocr_line' id='line_1_24' title="bbox 455 2538 1481 2626; baseline -0.001 -21"><span class='ocrx_word' id='word_1_167' title='bbox 455 2544 559 2605; x_wconf 80' lang='lat' dir='ltr'>mis&amp;</span> <span class='ocrx_word' id='word_1_168' title='bbox 577 2564 707 2626; x_wconf 84' lang='lat' dir='ltr'>gravem,</span> <span class='ocrx_word' id='word_1_169' title='bbox 733 2559 867 2625; x_wconf 82' lang='lat' dir='ltr'>tempore</span> <span class='ocrx_word' id='word_1_170' title='bbox 888 2543 1029 2625; x_wconf 85' lang='lat' dir='ltr'>Stephani</span> <span class='ocrx_word' id='word_1_171' title='bbox 1044 2542 1131 2624; x_wconf 84' lang='lat' dir='ltr'>regis,</span> <span class='ocrx_word' id='word_1_172' title='bbox 1156 2540 1317 2621; x_wconf 89' lang='lat' dir='ltr'>propinqui</span> <span class='ocrx_word' id='word_1_173' title='bbox 1331 2541 1362 2601; x_wconf 77' lang='lat' dir='ltr'>a</span> <span class='ocrx_word' id='word_1_174' title='bbox 1385 2538 1481 2604; x_wconf 86' lang='lat' dir='ltr'>neces-</span> 
     </span>
     <span class='ocr_line' id='line_1_25' title="bbox 456 2626 1483 2714; baseline 0.003 -21"><span class='ocrx_word' id='word_1_175' title='bbox 456 2626 522 2693; x_wconf 87' lang='lat' dir='ltr'>sarii</span> <span class='ocrx_word' id='word_1_176' title='bbox 543 2626 597 2706; x_wconf 89' lang='lat' dir='ltr'>sui,</span> <span class='ocrx_word' id='word_1_177' title='bbox 618 2631 837 2714; x_wconf 73' lang='lat' dir='ltr'>aquanquam&#39;&#39;</span> <span class='ocrx_word' id='word_1_178' title='bbox 859 2634 890 2693; x_wconf 92' lang='lat' dir='ltr'>in</span> <span class='ocrx_word' id='word_1_179' title='bbox 911 2633 969 2692; x_wconf 89' lang='lat' dir='ltr'>hoc</span> <span class='ocrx_word' id='word_1_180' title='bbox 984 2631 1080 2692; x_wconf 91' lang='lat' dir='ltr'>minus</span> <span class='ocrx_word' id='word_1_181' title='bbox 1094 2627 1251 2702; x_wconf 87' lang='lat' dir='ltr'>necessarii,</span> <span class='ocrx_word' id='word_1_182' title='bbox 1273 2627 1437 2692; x_wconf 71' lang='lat' dir='ltr'>vindistam</span> <span class='ocrx_word' id='word_1_183' title='bbox 1450 2631 1483 2702; x_wconf 73' lang='lat' dir='ltr'>itt</span> 
     </span>
     <span class='ocr_line' id='line_1_26' title="bbox 457 2712 1483 2804; baseline 0.001 -24"><span class='ocrx_word' id='word_1_184' title='bbox 457 2714 599 2780; x_wconf 88' lang='lat' dir='ltr'>Rosenses</span> <span class='ocrx_word' id='word_1_185' title='bbox 624 2735 823 2793; x_wconf 82' lang='lat' dir='ltr'>exercuerant,</span> <span class='ocrx_word' id='word_1_186' title='bbox 837 2721 907 2804; x_wconf 68' lang='lat' dir='ltr'>dcc.</span> <span class='ocrx_word' id='word_1_187' title='bbox 952 2717 1071 2783; x_wconf 86' lang='lat' dir='ltr'>Ibidem</span> <span class='ocrx_word' id='word_1_188' title='bbox 1092 2735 1156 2800; x_wconf 88' lang='lat' dir='ltr'>quo</span> <span class='ocrx_word' id='word_1_189' title='bbox 1175 2714 1263 2797; x_wconf 72' lang='lat' dir='ltr'>pasto</span> <span class='ocrx_word' id='word_1_190' title='bbox 1280 2712 1418 2778; x_wconf 86' lang='lat' dir='ltr'>sabulum</span> <span class='ocrx_word' id='word_1_191' title='bbox 1442 2719 1483 2781; x_wconf 83' lang='lat' dir='ltr'>de</span> 
     </span>
     <span class='ocr_line' id='line_1_27' title="bbox 457 2801 1483 2889; baseline 0 -21"><span class='ocrx_word' id='word_1_192' title='bbox 457 2805 595 2889; x_wconf 86' lang='lat' dir='ltr'>Niwegal</span> <span class='ocrx_word' id='word_1_193' title='bbox 621 2805 787 2889; x_wconf 88' lang='lat' dir='ltr'>impetuoso</span> <span class='ocrx_word' id='word_1_194' title='bbox 811 2801 903 2869; x_wconf 87' lang='lat' dir='ltr'>verito</span> <span class='ocrx_word' id='word_1_195' title='bbox 927 2806 964 2868; x_wconf 76' lang='lat' dir='ltr'>bt·</span> <span class='ocrx_word' id='word_1_196' title='bbox 981 2805 1107 2887; x_wconf 91' lang='lat' dir='ltr'>procella</span> <span class='ocrx_word' id='word_1_197' title='bbox 1138 2801 1199 2865; x_wconf 90' lang='lat' dir='ltr'>solo</span> <span class='ocrx_word' id='word_1_198' title='bbox 1224 2818 1310 2864; x_wconf 87' lang='lat' dir='ltr'>tenus</span> <span class='ocrx_word' id='word_1_199' title='bbox 1331 2805 1483 2869; x_wconf 85' lang='lat' dir='ltr'>nudatum</span> 
     </span>
     <span class='ocr_line' id='line_1_28' title="bbox 455 2887 1483 2976; baseline -0.003 -23"><span class='ocrx_word' id='word_1_200' title='bbox 455 2887 560 2967; x_wconf 84' lang='lat' dir='ltr'>suerit,</span> <span class='ocrx_word' id='word_1_201' title='bbox 580 2895 792 2975; x_wconf 81' lang='lat' dir='ltr'>apparentibus</span> <span class='ocrx_word' id='word_1_202' title='bbox 804 2893 939 2976; x_wconf 87' lang='lat' dir='ltr'>arbustis,</span> <span class='ocrx_word' id='word_1_203' title='bbox 963 2893 1151 2957; x_wconf 80' lang='lat' dir='ltr'>&amp;arborum</span> <span class='ocrx_word' id='word_1_204' title='bbox 1164 2891 1287 2967; x_wconf 88' lang='lat' dir='ltr'>truncis,</span> <span class='ocrx_word' id='word_1_205' title='bbox 1301 2890 1369 2975; x_wconf 87' lang='lat' dir='ltr'>post</span> <span class='ocrx_word' id='word_1_206' title='bbox 1382 2893 1483 2957; x_wconf 78' lang='lat' dir='ltr'>homi.</span> 
     </span>
     <span class='ocr_line' id='line_1_29' title="bbox 455 2979 985 3046; baseline -0.004 -2"><span class='ocrx_word' id='word_1_207' title='bbox 455 2997 530 3044; x_wconf 85' lang='lat' dir='ltr'>uum</span> <span class='ocrx_word' id='word_1_208' title='bbox 544 2984 719 3045; x_wconf 89' lang='lat' dir='ltr'>memoriam</span> <span class='ocrx_word' id='word_1_209' title='bbox 737 2983 846 3046; x_wconf 85' lang='lat' dir='ltr'>harena</span> <span class='ocrx_word' id='word_1_210' title='bbox 859 2979 985 3045; x_wconf 88' lang='lat' dir='ltr'>obrutis.</span> 
     </span>
    </p>
   </div>
   <div class='ocr_carea' id='block_1_6' title="bbox 616 3097 1317 3195">
    <p class='ocr_par' dir='ltr' id='par_1_8' title="bbox 616 3097 1317 3195">
     <span class='ocr_line' id='line_1_30' title="bbox 616 3097 1317 3195; baseline 0.003 -33"><span class='ocrx_word' id='word_1_211' title='bbox 616 3103 667 3162; x_wconf 85' lang='lat' dir='ltr'>Ex</span> <span class='ocrx_word' id='word_1_212' title='bbox 681 3101 753 3164; x_wconf 82' lang='lat' dir='ltr'>libro</span> <span class='ocrx_word' id='word_1_213' title='bbox 769 3097 822 3170; x_wconf 84' lang='lat'>2⁰.</span> <span class='ocrx_word' id='word_1_214' title='bbox 839 3103 991 3170; x_wconf 83' lang='lat' dir='ltr'>itinerarii</span> <span class='ocrx_word' id='word_1_215' title='bbox 1004 3099 1119 3165; x_wconf 79' lang='lat' dir='ltr'>Giraltsi</span> <span class='ocrx_word' id='word_1_216' title='bbox 1133 3097 1317 3195; x_wconf 65' lang='lat' dir='ltr'>Cambrenfis.</span> 
     </span>
    </p>
   </div>
   <div class='ocr_carea' id='block_1_7' title="bbox 356 3205 1482 4442">
    <p class='ocr_par' dir='ltr' id='par_1_9' title="bbox 356 3205 1482 4442">
     <span class='ocr_line' id='line_1_31' title="bbox 498 3205 1482 3301; baseline 0.005 -21"><span class='ocrx_word' id='word_1_217' title='bbox 498 3216 584 3280; x_wconf 75' lang='lat' dir='ltr'>Sicut</span> <span class='ocrx_word' id='word_1_218' title='bbox 598 3216 775 3281; x_wconf 80' lang='lat' dir='ltr'>Britannica:</span> <span class='ocrx_word' id='word_1_219' title='bbox 790 3215 924 3280; x_wconf 88' lang='lat' dir='ltr'>referunt</span> <span class='ocrx_word' id='word_1_220' title='bbox 938 3215 1077 3291; x_wconf 84' lang='lat' dir='ltr'>historiae,</span> <span class='ocrx_word' id='word_1_221' title='bbox 1093 3215 1175 3299; x_wconf 85' lang='lat' dir='ltr'>apud</span> <span class='ocrx_word' id='word_1_222' title='bbox 1185 3216 1291 3280; x_wconf 90' lang='lat' dir='ltr'>urbem</span> <span class='ocrx_word' id='word_1_223' title='bbox 1305 3205 1482 3301; x_wconf 81' lang='lat' dir='ltr'>Legionum</span> 
     </span>
     <span class='ocr_line' id='line_1_32' title="bbox 454 3301 1479 3390; baseline 0.002 -24"><span class='ocrx_word' id='word_1_224' title='bbox 454 3301 487 3366; x_wconf 89' lang='lat' dir='ltr'>in</span> <span class='ocrx_word' id='word_1_225' title='bbox 509 3304 590 3366; x_wconf 87' lang='lat' dir='ltr'>curia</span> <span class='ocrx_word' id='word_1_226' title='bbox 604 3304 654 3367; x_wconf 90' lang='lat' dir='ltr'>illa</span> <span class='ocrx_word' id='word_1_227' title='bbox 669 3325 787 3390; x_wconf 84' lang='lat' dir='ltr'>magna,</span> <span class='ocrx_word' id='word_1_228' title='bbox 810 3327 903 3389; x_wconf 84' lang='lat' dir='ltr'>quam</span> <span class='ocrx_word' id='word_1_229' title='bbox 917 3307 1157 3389; x_wconf 84' lang='lat' dir='ltr'>praetaxarimus,</span> <span class='ocrx_word' id='word_1_230' title='bbox 1179 3305 1285 3368; x_wconf 88' lang='lat' dir='ltr'>beatus</span> <span class='ocrx_word' id='word_1_231' title='bbox 1303 3308 1479 3382; x_wconf 89' lang='lat' dir='ltr'>Dubricius,</span> 
     </span>
     <span class='ocr_line' id='line_1_33' title="bbox 452 3387 1477 3478; baseline 0.001 -22"><span class='ocrx_word' id='word_1_232' title='bbox 452 3387 512 3456; x_wconf 88' lang='lat' dir='ltr'>loci</span> <span class='ocrx_word' id='word_1_233' title='bbox 525 3387 655 3472; x_wconf 87' lang='lat' dir='ltr'>ejusdem</span> <span class='ocrx_word' id='word_1_234' title='bbox 679 3407 751 3460; x_wconf 90' lang='lat' dir='ltr'>tuuc</span> <span class='ocrx_word' id='word_1_235' title='bbox 777 3395 919 3477; x_wconf 87' lang='lat' dir='ltr'>temporis</span> <span class='ocrx_word' id='word_1_236' title='bbox 934 3391 1180 3477; x_wconf 83' lang='lat' dir='ltr'>archiepiscopus,</span> <span class='ocrx_word' id='word_1_237' title='bbox 1206 3393 1327 3466; x_wconf 85' lang='lat' dir='ltr'>Daridi,</span> <span class='ocrx_word' id='word_1_238' title='bbox 1354 3393 1477 3478; x_wconf 65' lang='lat' dir='ltr'>[aqui]</span> 
     </span>
     <span class='ocr_line' id='line_1_34' title="bbox 453 3479 1480 3563; baseline -0.001 -19"><span class='ocrx_word' id='word_1_239' title='bbox 453 3479 533 3562; x_wconf 84' lang='lat' dir='ltr'>regis</span> <span class='ocrx_word' id='word_1_240' title='bbox 549 3482 662 3555; x_wconf 84' lang='lat' dir='ltr'>Arturi,</span> <span class='ocrx_word' id='word_1_241' title='bbox 687 3497 722 3544; x_wconf 93' lang='lat' dir='ltr'>ut</span> <span class='ocrx_word' id='word_1_242' title='bbox 745 3482 864 3558; x_wconf 86' lang='lat' dir='ltr'>dieitur,</span> <span class='ocrx_word' id='word_1_243' title='bbox 887 3484 1051 3545; x_wconf 88' lang='lat' dir='ltr'>avunculus</span> <span class='ocrx_word' id='word_1_244' title='bbox 1071 3484 1220 3555; x_wconf 86' lang='lat' dir='ltr'>extiterat,</span> <span class='ocrx_word' id='word_1_245' title='bbox 1245 3496 1368 3563; x_wconf 87' lang='lat' dir='ltr'>propter</span> <span class='ocrx_word' id='word_1_246' title='bbox 1382 3487 1480 3550; x_wconf 84' lang='lat' dir='ltr'>aetaris</span> 
     </span>
     <span class='ocr_line' id='line_1_35' title="bbox 454 3563 1480 3653; baseline 0.005 -24"><span class='ocrx_word' id='word_1_247' title='bbox 454 3563 615 3644; x_wconf 71' lang='lat' dir='ltr'>defectum,</span> <span class='ocrx_word' id='word_1_248' title='bbox 638 3568 668 3632; x_wconf 77' lang='grc' dir='ltr'>δι</span> <span class='ocrx_word' id='word_1_249' title='bbox 692 3572 837 3652; x_wconf 87' lang='lat' dir='ltr'>quoniam</span> <span class='ocrx_word' id='word_1_250' title='bbox 862 3570 1101 3653; x_wconf 85' lang='lat' dir='ltr'>contemplationi</span> <span class='ocrx_word' id='word_1_251' title='bbox 1123 3569 1225 3650; x_wconf 88' lang='lat' dir='ltr'>potius</span> <span class='ocrx_word' id='word_1_252' title='bbox 1248 3567 1406 3652; x_wconf 87' lang='lat' dir='ltr'>indulgere</span> <span class='ocrx_word' id='word_1_253' title='bbox 1426 3593 1480 3634; x_wconf 88' lang='lat' dir='ltr'>vo·</span> 
     </span>
     <span class='ocr_line' id='line_1_36' title="bbox 367 3651 1480 3738; baseline 0.004 -20"><span class='ocrx_word' id='word_1_254' title='bbox 367 3716 369 3722; x_wconf 26' lang='lat' dir='ltr'><strong><em>s</em></strong></span> <span class='ocrx_word' id='word_1_255' title='bbox 453 3651 559 3726; x_wconf 89' lang='lat' dir='ltr'>luerat,</span> <span class='ocrx_word' id='word_1_256' title='bbox 582 3655 661 3718; x_wconf 77' lang='lat' dir='ltr'>cessit</span> <span class='ocrx_word' id='word_1_257' title='bbox 675 3653 830 3722; x_wconf 88' lang='lat' dir='ltr'>honorem.</span> <span class='ocrx_word' id='word_1_258' title='bbox 877 3662 917 3720; x_wconf 86' lang='lat' dir='ltr'>Et</span> <span class='ocrx_word' id='word_1_259' title='bbox 926 3679 969 3737; x_wconf 45' lang='lat' dir='ltr'>‚ex</span> <span class='ocrx_word' id='word_1_260' title='bbox 985 3675 1068 3731; x_wconf 88' lang='lat' dir='ltr'>tuuc,</span> <span class='ocrx_word' id='word_1_261' title='bbox 1091 3670 1267 3738; x_wconf 88' lang='lat' dir='ltr'>procurante</span> <span class='ocrx_word' id='word_1_262' title='bbox 1282 3659 1410 3734; x_wconf 84' lang='lat' dir='ltr'>Davide,</span> <span class='ocrx_word' id='word_1_263' title='bbox 1431 3656 1480 3722; x_wconf 76' lang='lat' dir='ltr'>us-</span> 
     </span>
     <span class='ocr_line' id='line_1_37' title="bbox 455 3741 1480 3831; baseline 0.006 -27"><span class='ocrx_word' id='word_1_264' title='bbox 455 3762 517 3823; x_wconf 90' lang='lat' dir='ltr'>que</span> <span class='ocrx_word' id='word_1_265' title='bbox 540 3743 709 3806; x_wconf 88' lang='lat' dir='ltr'>Meneviam</span> <span class='ocrx_word' id='word_1_266' title='bbox 731 3741 804 3808; x_wconf 87' lang='lat' dir='ltr'>sedis</span> <span class='ocrx_word' id='word_1_267' title='bbox 826 3743 911 3825; x_wconf 54' lang='lat' dir='ltr'>sasiax</span> <span class='ocrx_word' id='word_1_268' title='bbox 926 3743 967 3808; x_wconf 86' lang='lat' dir='ltr'>est</span> <span class='ocrx_word' id='word_1_269' title='bbox 991 3743 1150 3826; x_wconf 78' lang='lat' dir='ltr'>translatio,</span> <span class='ocrx_word' id='word_1_270' title='bbox 1195 3747 1380 3831; x_wconf 80' lang='lat' dir='ltr'>Qanquam</span> <span class='ocrx_word' id='word_1_271' title='bbox 1397 3748 1480 3829; x_wconf 87' lang='lat' dir='ltr'>prior</span> 
     </span>
     <span class='ocr_line' id='line_1_38' title="bbox 455 3827 1478 3917; baseline 0.007 -28"><span class='ocrx_word' id='word_1_272' title='bbox 455 3828 505 3903; x_wconf 82' lang='lat' dir='ltr'>ille</span> <span class='ocrx_word' id='word_1_273' title='bbox 518 3827 612 3902; x_wconf 88' lang='lat' dir='ltr'>locus,</span> <span class='ocrx_word' id='word_1_274' title='bbox 637 3831 712 3894; x_wconf 90' lang='lat' dir='ltr'>srcut</span> <span class='ocrx_word' id='word_1_275' title='bbox 735 3833 765 3895; x_wconf 93' lang='lat' dir='ltr'>in</span> <span class='ocrx_word' id='word_1_276' title='bbox 782 3833 872 3915; x_wconf 90' lang='lat' dir='ltr'>priori</span> <span class='ocrx_word' id='word_1_277' title='bbox 887 3833 966 3896; x_wconf 89' lang='lat' dir='ltr'>libro</span> <span class='ocrx_word' id='word_1_278' title='bbox 982 3828 1194 3914; x_wconf 79' lang='lat' dir='ltr'>descripsimus,</span> <span class='ocrx_word' id='word_1_279' title='bbox 1216 3831 1307 3914; x_wconf 86' lang='lat' dir='ltr'>longe</span> <span class='ocrx_word' id='word_1_280' title='bbox 1321 3835 1478 3917; x_wconf 89' lang='lat' dir='ltr'>Metropo-</span> 
     </span>
     <span class='ocr_line' id='line_1_39' title="bbox 454 3914 1482 4004; baseline 0.005 -24"><span class='ocrx_word' id='word_1_281' title='bbox 454 3915 554 3980; x_wconf 81' lang='lat' dir='ltr'>litanae</span> <span class='ocrx_word' id='word_1_282' title='bbox 579 3914 639 3980; x_wconf 88' lang='lat' dir='ltr'>sedi</span> <span class='ocrx_word' id='word_1_283' title='bbox 661 3917 727 4002; x_wconf 90' lang='lat' dir='ltr'>plus</span> <span class='ocrx_word' id='word_1_284' title='bbox 746 3922 929 4004; x_wconf 80' lang='lat' dir='ltr'>congruerit.</span> <span class='ocrx_word' id='word_1_285' title='bbox 974 3922 1032 3985; x_wconf 89' lang='lat' dir='ltr'>Hic</span> <span class='ocrx_word' id='word_1_286' title='bbox 1055 3922 1162 3986; x_wconf 83' lang='lat' dir='ltr'>etenim</span> <span class='ocrx_word' id='word_1_287' title='bbox 1184 3918 1312 4002; x_wconf 85' lang='lat' dir='ltr'>angulus</span> <span class='ocrx_word' id='word_1_288' title='bbox 1333 3919 1376 3983; x_wconf 89' lang='lat' dir='ltr'>est</span> <span class='ocrx_word' id='word_1_289' title='bbox 1396 3919 1482 4002; x_wconf 89' lang='lat' dir='ltr'>supra</span> 
     </span>
     <span class='ocr_line' id='line_1_40' title="bbox 454 4001 1480 4083; baseline 0.004 -15"><span class='ocrx_word' id='word_1_290' title='bbox 454 4023 538 4068; x_wconf 89' lang='lat' dir='ltr'>mare</span> <span class='ocrx_word' id='word_1_291' title='bbox 562 4006 757 4070; x_wconf 88' lang='lat' dir='ltr'>Hibernieum</span> <span class='ocrx_word' id='word_1_292' title='bbox 770 4008 986 4083; x_wconf 70' lang='lat' dir='ltr'>remotissimus,</span> <span class='ocrx_word' id='word_1_293' title='bbox 1011 4024 1088 4070; x_wconf 89' lang='lat' dir='ltr'>terra</span> <span class='ocrx_word' id='word_1_294' title='bbox 1103 4002 1200 4069; x_wconf 80' lang='lat' dir='ltr'>saxosa</span> <span class='ocrx_word' id='word_1_295' title='bbox 1215 4005 1317 4068; x_wconf 86' lang='lat' dir='ltr'>sterilis</span> <span class='ocrx_word' id='word_1_296' title='bbox 1340 4001 1370 4070; x_wconf 74' lang='lat' dir='ltr'>dr</span> <span class='ocrx_word' id='word_1_297' title='bbox 1391 4007 1480 4072; x_wconf 84' lang='lat' dir='ltr'>insoe·</span> 
     </span>
     <span class='ocr_line' id='line_1_41' title="bbox 453 4091 1480 4180; baseline 0.006 -26"><span class='ocrx_word' id='word_1_298' title='bbox 453 4091 564 4167; x_wconf 79' lang='lat' dir='ltr'>cunda,</span> <span class='ocrx_word' id='word_1_299' title='bbox 587 4114 641 4158; x_wconf 87' lang='lat' dir='ltr'>nee</span> <span class='ocrx_word' id='word_1_300' title='bbox 663 4093 741 4157; x_wconf 78' lang='lat' dir='ltr'>silvis</span> <span class='ocrx_word' id='word_1_301' title='bbox 754 4093 867 4171; x_wconf 84' lang='lat' dir='ltr'>vestita,</span> <span class='ocrx_word' id='word_1_302' title='bbox 891 4116 944 4159; x_wconf 90' lang='lat' dir='ltr'>nec</span> <span class='ocrx_word' id='word_1_303' title='bbox 958 4096 1130 4158; x_wconf 84' lang='lat' dir='ltr'>fluminibus</span> <span class='ocrx_word' id='word_1_304' title='bbox 1149 4092 1294 4170; x_wconf 74' lang='lat' dir='ltr'>distinsla,</span> <span class='ocrx_word' id='word_1_305' title='bbox 1318 4115 1375 4158; x_wconf 88' lang='lat' dir='ltr'>nec</span> <span class='ocrx_word' id='word_1_306' title='bbox 1389 4099 1480 4180; x_wconf 89' lang='lat' dir='ltr'>pratis</span> 
     </span>
     <span class='ocr_line' id='line_1_42' title="bbox 454 4179 1481 4266; baseline 0.007 -26"><span class='ocrx_word' id='word_1_307' title='bbox 454 4195 569 4256; x_wconf 89' lang='lat' dir='ltr'>ornata,</span> <span class='ocrx_word' id='word_1_308' title='bbox 591 4183 685 4244; x_wconf 88' lang='lat' dir='ltr'>ventis</span> <span class='ocrx_word' id='word_1_309' title='bbox 701 4179 799 4245; x_wconf 92' lang='lat' dir='ltr'>solum</span> <span class='ocrx_word' id='word_1_310' title='bbox 822 4185 853 4245; x_wconf 74' lang='lat' dir='ltr'>dt</span> <span class='ocrx_word' id='word_1_311' title='bbox 874 4185 1007 4266; x_wconf 78' lang='lat' dir='ltr'>procellis</span> <span class='ocrx_word' id='word_1_312' title='bbox 1032 4179 1145 4264; x_wconf 87' lang='lat' dir='ltr'>semper</span> <span class='ocrx_word' id='word_1_313' title='bbox 1158 4182 1302 4264; x_wconf 79' lang='lat' dir='ltr'>exposita,</span> <span class='ocrx_word' id='word_1_314' title='bbox 1325 4183 1403 4246; x_wconf 90' lang='lat' dir='ltr'>inter</span> <span class='ocrx_word' id='word_1_315' title='bbox 1424 4186 1481 4247; x_wconf 87' lang='lat' dir='ltr'>bo·</span> 
     </span>
     <span class='ocr_line' id='line_1_43' title="bbox 453 4264 1478 4353; baseline 0.002 -23"><span class='ocrx_word' id='word_1_316' title='bbox 453 4264 532 4330; x_wconf 85' lang='lat' dir='ltr'>sliles</span> <span class='ocrx_word' id='word_1_317' title='bbox 555 4268 646 4332; x_wconf 88' lang='lat' dir='ltr'>hodie</span> <span class='ocrx_word' id='word_1_318' title='bbox 669 4269 807 4353; x_wconf 89' lang='lat' dir='ltr'>populos,</span> <span class='ocrx_word' id='word_1_319' title='bbox 830 4271 902 4334; x_wconf 89' lang='lat' dir='ltr'>hinc</span> <span class='ocrx_word' id='word_1_320' title='bbox 927 4267 1141 4346; x_wconf 87' lang='lat' dir='ltr'>Flandreusem,</span> <span class='ocrx_word' id='word_1_321' title='bbox 1164 4269 1233 4334; x_wconf 91' lang='lat' dir='ltr'>iude</span> <span class='ocrx_word' id='word_1_322' title='bbox 1256 4267 1478 4347; x_wconf 88' lang='lat' dir='ltr'>Cambrensem,</span> 
     </span>
     <span class='ocr_line' id='line_1_44' title="bbox 356 4349 1482 4442; baseline 0.006 -27"><span class='ocrx_word' id='word_1_323' title='bbox 356 4417 361 4424; x_wconf 90' lang='lat'><em>.</em></span> <span class='ocrx_word' id='word_1_324' title='bbox 452 4349 622 4436; x_wconf 85' lang='lat' dir='ltr'>frequenter</span> <span class='ocrx_word' id='word_1_325' title='bbox 636 4360 748 4422; x_wconf 90' lang='lat' dir='ltr'>attrita.</span> <span class='ocrx_word' id='word_1_326' title='bbox 795 4359 844 4422; x_wconf 78' lang='lat' dir='ltr'>Ex</span> <span class='ocrx_word' id='word_1_327' title='bbox 858 4357 1002 4424; x_wconf 79' lang='lat' dir='ltr'>industria</span> <span class='ocrx_word' id='word_1_328' title='bbox 1015 4378 1144 4442; x_wconf 86' lang='lat' dir='ltr'>namque</span> <span class='ocrx_word' id='word_1_329' title='bbox 1157 4358 1213 4423; x_wconf 87' lang='lat' dir='ltr'>riri</span> <span class='ocrx_word' id='word_1_330' title='bbox 1232 4354 1325 4423; x_wconf 73' lang='lat' dir='ltr'>sausii</span> <span class='ocrx_word' id='word_1_331' title='bbox 1340 4359 1411 4427; x_wconf 86' lang='lat' dir='ltr'>talia</span> <span class='ocrx_word' id='word_1_332' title='bbox 1422 4357 1482 4434; x_wconf 79' lang='lat' dir='ltr'>sibi</span> 
     </span>
    </p>
   </div>
   <div class='ocr_carea' id='block_1_8' title="bbox 344 4475 1483 4713">
    <p class='ocr_par' dir='ltr' id='par_1_10' title="bbox 344 4475 1483 4713">
     <span class='ocr_line' id='line_1_45' title="bbox 344 4475 1481 4622; baseline 0.002 -31"><span class='ocrx_word' id='word_1_333' title='bbox 344 4528 346 4532; x_wconf 80' lang='grc'><strong>’</strong></span> <span class='ocrx_word' id='word_1_334' title='bbox 450 4475 624 4616; x_wconf 78' lang='lat' dir='ltr'>delegerunt</span> <span class='ocrx_word' id='word_1_335' title='bbox 637 4529 817 4607; x_wconf 80' lang='lat' dir='ltr'>habitacula,</span> <span class='ocrx_word' id='word_1_336' title='bbox 841 4545 877 4594; x_wconf 86' lang='lat' dir='ltr'>ut</span> <span class='ocrx_word' id='word_1_337' title='bbox 891 4532 1045 4618; x_wconf 84' lang='lat' dir='ltr'>populares</span> <span class='ocrx_word' id='word_1_338' title='bbox 1060 4529 1199 4617; x_wconf 84' lang='lat' dir='ltr'>strepitus</span> <span class='ocrx_word' id='word_1_339' title='bbox 1220 4528 1481 4622; x_wconf 55' lang='lat' dir='ltr'>subterfugiendo,</span> 
     </span>
     <span class='ocr_line' id='line_1_46' title="bbox 710 4623 1483 4713; baseline 0 -25"><span class='ocrx_word' id='word_1_340' title='bbox 710 4638 818 4713; x_wconf 74' lang='lat' dir='ltr'>aQam</span> <span class='ocrx_word' id='word_1_341' title='bbox 831 4636 893 4690; x_wconf 83' lang='lat' dir='ltr'>MS.</span> <span class='ocrx_word' id='word_1_342' title='bbox 941 4636 1108 4712; x_wconf 69' lang='lat' dir='ltr'>bEtittrprtffi</span> <span class='ocrx_word' id='word_1_343' title='bbox 1327 4623 1483 4705; x_wconf 74' lang='lat' dir='ltr'>vitamque</span> 
     </span>
    </p>
   </div>
   <div class='ocr_carea' id='block_1_9' title="bbox 0 0 1700 5300">
    <p class='ocr_par' dir='ltr' id='par_1_11' title="bbox 0 0 1700 5300">
     <span class='ocr_line' id='line_1_47' title="bbox 0 0 1700 5300; baseline 0 2"><span class='ocrx_word' id='word_1_344' title='bbox 0 0 1700 5300; x_wconf 95' lang='lat' dir='ltr'> </span> 
     </span>
    </p>
   </div>
  </div>
 </body>
</html>
