3392 5300
282 437 1134 578 'aunrqtrnartconnncraunas
1303 507 1368 581 253

245 625 281 708 in
296 617 487 683 Berruchensr
499 639 582 702 ,pago
600 614 668 694 sunt
689 616 865 694 monasteria
884 617 956 696 duo,
978 618 1230 691 Abbendoniense

200 707 231 771 n
248 705 442 790 Radingense,
466 709 597 768 virorum
611 719 787 794 utrumque.
831 707 1038 773 Abbendoniae
1054 709 1228 783 “fundave-

200 813 249 858 rat
265 797 439 860 coenobium
454 793 539 868 Cissa,
563 808 647 876 pater
661 796 733 868 Inte,
755 813 829 856 mox
843 792 905 878 ipse
919 801 990 873 ina,
1012 816 1067 860 rex
1081 799 1230 862 Occiden-

191 885 310 952 ,taiium
334 887 497 956 Saxonum,
524 881 672 964 multique
695 881 735 942 ab
760 882 873 966 origine
892 903 1006 966 regen·
1031 886 1091 950 Sed
1114 883 1230 949 Eisredi

201 965 280 1055 regis
296 987 439 1053 tempore,
461 990 533 1038 cum
546 968 701 1032 barbarica
715 966 832 1054 ubique
843 973 922 1034 Dani
936 969 1129 1038 discursarent
1143 988 1230 1055 petu-
1248 1029 1251 1036 r

199 1058 303 1136 lautia,
327 1056 453 1120 aedificia
465 1057 524 1120 loci
537 1055 574 1118 ad
588 1053 682 1118 solum
701 1056 898 1139 complanata.
943 1062 1030 1124 Tum
1044 1080 1109 1134 rex,
1134 1062 1231 1123 malo·

192 1166 273 1228 ,rum
296 1160 464 1229 praeventus
485 1142 622 1218 consiliis,
652 1158 752 1219 terras,
776 1165 968 1230 quecunque
990 1148 1167 1230 appendices
1186 1145 1231 1211 es·

199 1231 279 1308 sent,
301 1231 333 1296 in
347 1230 413 1296 suos
423 1229 605 1315 suorumque
619 1227 688 1310 usus
701 1230 829 1316 redegit,
872 1237 916 1296 At
929 1253 1000 1298 vero
1011 1255 1066 1299 rex
1079 1235 1230 1311 Edredus,

200 1318 334 1386 AElfredi
354 1340 456 1402 nepos,
478 1319 537 1384 loci
560 1314 716 1382 miseratus
736 1315 940 1397 solitudinem,
963 1321 1073 1385 cundia
1093 1320 1233 1398 restituit,
1329 1374 1341 1388 .

201 1407 264 1474 &e
310 1411 509 1490 Tantumque
534 1407 642 1470 amoris
663 1405 814 1488 assumpsit
834 1409 866 1472 in
889 1409 1049 1486 ecclesiam,
1072 1422 1108 1471 nt
1125 1430 1181 1492 per
1202 1408 1255 1472 se-

201 1498 271 1562 loca
284 1495 480 1560 aedificiorum
495 1508 661 1570 metaretur,
684 1495 715 1556 ec
731 1491 926 1559 fundamenta
935 1496 1074 1578 jactaret,
1091 1498 1149 1562 dcc.
1186 1499 1232 1560 Ut

200 1601 302 1664 morte
318 1599 486 1668 praeventus
501 1578 711 1664 imperfectum
725 1603 802 1666 opus
816 1583 981 1668 reliquerit.

248 1672 357 1737 Insiitit
380 1686 478 1733 tamen
503 1668 725 1734 Atheluuoldus
748 1674 864 1754 coeptis,
895 1670 944 1739 sed
966 1686 1128 1757 antequam
1151 1671 1386 1739 sum-Atheluuol·

201 1781 285 1831 mam
310 1778 433 1823 manum
457 1756 552 1834 rebus,
576 1756 744 1842 imponeret
770 1761 809 1822 ad
838 1757 1041 1844 episcopatum
1067 1745 1367 1826 Wintoniae‘¹¹¹⁵²bbas

1241 1806 1356 1861 Affimu
1469 1858 1472 1869 ,

196 1862 310 1935 raptus
324 1846 377 1912 est.
590 1917 592 1922 .
1107 1913 1112 1920 ,
1241 1876 1328 1928 mg&

249 1937 420 2020 Complevit
442 1933 574 2021 magistri
594 1934 746 2011 molimina
769 1933 934 2021 ordgarus,
962 1935 1059 2000 abeo
1083 1935 1115 1998 in
1138 1936 1229 2009 abba·
1242 1942 1364 2007 ordgarus

1242 2001 1396 2056 affimAb⁴

205 2027 279 2178 tianp
302 2023 490 2102 substitutus,
514 2019 686 2108 ditatusque
708 2021 751 2088 est
766 2024 862 2102 locus,
883 2025 913 2088 dt
932 2024 1060 2088 immane
1081 2037 1231 2109 quantum
1243 2073 1333 2122 bodun·

193 2134 260 2185 ,exa
276 2128 364 2187 tatus,
379 2115 437 2178 &e
498 2185 501 2190 .
1326 2107 1335 2122 ’

194 2255 209 2272 ,,
235 2270 239 2275 ,
294 2201 410 2266 Ibidem
425 2200 463 2263 de
475 2199 594 2276 Faritio,
610 2199 718 2284 quiex
732 2196 882 2266 monacho
890 2198 1078 2272 Meidunensr
1092 2196 1189 2265 fedius

338 2288 380 2354 est
393 2289 484 2352 abbas
500 2287 729 2354 Abbodunensrs
747 2290 826 2352 circa
839 2297 973 2370 tempora
986 2286 1059 2350 Gul:
1076 2288 1174 2363 Meldr
1216 2356 1220 2364 ,

209 2403 213 2410 ·
249 2375 389 2442 Thuscns
400 2396 519 2462 genere,
534 2392 598 2440 arte
613 2375 755 2454 medicus,
775 2373 871 2437 beivis
885 2376 1037 2450 Aretinus,
1052 2374 1152 2439 noster
1164 2395 1233 2458 pro·

207 2465 292 2530 fecto
311 2464 407 2530 noster
422 2463 610 2539 monachus;
634 2462 839 2542 cujusraudes
857 2459 996 2547 effigiare,
1018 2462 1090 2546 quia
1104 2460 1236 2529 succesit

206 2557 321 2629 animo,
344 2573 404 2616 non
419 2552 504 2636 quod
519 2547 579 2636 ipse
592 2548 876 2630 comminiscens&
1146 2557 1173 2628 q·

206 2640 315 2707 sodalis
343 2644 400 2723 mei
429 2640 506 2711 Petri
534 2640 671 2703 monachi
699 2636 798 2704 versus
823 2660 876 2721 ap·
947 2634 1057 2720 Versus
1068 2637 1352 2705 PetriMeldunensis
1360 2638 1400 2707 de

199 2751 331 2816 ponam,
362 2728 473 2813 quibus
499 2726 653 2791 laudabilis
679 2727 794 2793 abbatis
818 2730 877 2792 vir·
920 2726 1399 2807 iaudeFaritii,abbatisAbbodu=

208 2835 258 2883 tus
281 2815 449 2895 enitescet]
497 2823 519 2853 “
540 2816 595 2881 Vir
616 2817 730 2901 probus
754 2816 784 2881 δι
804 2835 876 2901 pru·
1074 2817 1237 2881 Lelandus.

209 2915 231 2945 “
246 2907 350 2985 dens”‚
369 2908 427 2971 &c
751 2948 755 2955 -
824 2980 831 2985 ‚
956 2904 1035 2969 Vide
1045 2926 1118 2983 num
1128 2906 1177 2969 hic
1185 2904 1222 2968 stt
1232 2907 1337 2971 Petrus
1347 2906 1400 2970 Bi-

780 3014 802 3063 S.
815 3012 878 3062 Petri
922 2993 1248 3075 turix,quifuitabbas
1257 2995 1399 3057 Meidun:

251 3087 320 3151 Erit
353 3105 426 3170 ergo
454 3084 512 3149 hoc
543 3082 782 3166 experimentum
813 3082 877 3160 ejus
922 3094 957 3141 ut
971 3095 1094 3163 apparet
1105 3079 1137 3143 in
1147 3081 1301 3147 itinerario
1310 3081 1400 3147 Gust-

209 3176 390 3258 eloquentiae
412 3174 570 3237 dumtaxat
589 3172 744 3253 exiguum.
790 3172 877 3235 Cete·
920 3166 991 3229 elmi
1006 3166 1101 3230 Meld:

209 3282 279 3327 rum
291 3259 353 3345 ipse
363 3262 433 3325 alias
446 3263 475 3325 in
490 3258 628 3343 pluribus
639 3257 782 3320 assecutus
795 3255 835 3319 est
847 3254 957 3317 samam
972 3253 1084 3317 altioris
1095 3254 1211 3338 gloriae.

205 3401 207 3410 .
255 3351 383 3417 Tertius
398 3346 625 3413 Westsaxonum
639 3340 821 3429 episcopatus
836 3342 894 3406 suit
906 3342 986 3425 apud
1001 3342 1121 3417 Welias,
1135 3344 1235 3409 tiliam

208 3442 241 3502 in
260 3434 469 3501 sumersetensi
493 3454 581 3521 pago,
605 3453 661 3518 pro
674 3434 761 3515 copia
769 3428 1002 3509 ¹fonticulorum,
1024 3429 1069 3493 ibi
1090 3430 1236 3495 ebullien-

209 3527 300 3601 tium,
323 3525 367 3589 ita
384 3524 507 3589 ditium.
939 3546 944 3555 ·
1183 3579 1197 3592 .,

254 3616 336 3677 Cum
351 3634 422 3675 vero
436 3609 603 3675 successisset
617 3609 658 3673 eis
671 3604 948 3689 Joannesjnatione
958 3606 1143 3683 Tutonicus,
1166 3627 1237 3690 pro·

209 3700 332 3767 sessione
346 3700 489 3775 medicus,
510 3699 565 3782 qui
581 3718 642 3761 non
655 3697 816 3759 minimum
829 3693 976 3777 quaestum
991 3695 1044 3762 iilo
1055 3694 1239 3759 conflaverat

210 3790 350 3863 artificio,
368 3790 490 3851 minoris
505 3785 608 3871 gloriae
624 3799 743 3867 putans,
761 3783 782 3845 st
799 3782 913 3851 invilla
926 3781 1065 3847 resideret
1078 3782 1238 3868 inglorius,

212 3876 372 3955 transferre
395 3878 536 3939 thronum
553 3876 584 3937 iu
600 3870 775 3935 Bathoniam
789 3871 928 3949 intendit.
975 3870 1035 3935 Sed
1055 3890 1126 3935 cum
1146 3871 1178 3932 id
1194 3872 1239 3931 in·

212 3965 310 4029 auiter
336 3967 453 4029 vivente
471 3961 627 4025 Gulielmo
650 3974 732 4043 patre
750 3959 913 4041 cogitasset,
937 3970 1072 4042 tempore
1092 3957 1240 4038 Gulielmi

212 4054 267 4117 filii
281 4051 391 4116 effecit,
433 4054 496 4113 Nec
510 4070 547 4111 eo
561 4060 729 4122 contentus,
753 4061 851 4111 totam
864 4045 957 4111 etiam
966 4048 1115 4109 civitatem
1127 4046 1161 4107 in
1172 4040 1241 4109 suos
1271 4057 1276 4076 ‘

212 4138 293 4223 usus,
317 4130 557 4205 &successorum
578 4132 655 4211 usus,
680 4132 838 4219 transtulit,
860 4134 899 4197 ab
914 4134 1045 4213 Henricp
1061 4134 1238 4218 regequin·

852 4256 855 4259 ’
1027 4244 1088 4288 o'·‹
1110 4244 1115 4255 ¹
1207 4255 1224 4290 0

215 4319 313 4404 gentis
325 4317 410 4382 libris
422 4315 535 4401 argenti
544 4326 694 4377 mercatus
707 4308 823 4387 urbem,
835 4310 867 4371 in
875 4327 936 4392 qua
947 4291 1121 4374 balneatum
1131 4296 1241 4371 calida·

247 4496 442 4549 aFundaverunt
455 4496 490 4543 M
492 4498 514 4544 S.
529 4493 608 4545 Sesicr.
623 4493 649 4543 sa
659 4464 786 4540 Edsswir.
820 4487 840 4537 b·
851 4487 937 4547 Potius,
946 4496 972 4536 ut
981 4489 1004 4538 in
1012 4459 1080 4546 'Mn
1089 4486 1172 4540 desset.
1184 4484 1243 4555 asia}

215 4580 256 4635 que
268 4573 328 4620 vett.
341 4563 407 4641 codd.
418 4562 477 4614 civis
487 4560 611 4619 Aretinus,
629 4556 707 4611 noster
719 4556 832 4623 prosette
839 4553 995 4607 monachus..
1065 4590 1070 4599 .
1132 4582 1136 4589 -
1151 4586 1153 4590 .
1167 4564 1187 4593 .·

1174 4675 1244 4724 mm
