3392 5300
268 433 270 439 ’
341 452 402 519 :aa
656 437 1334 528 Jonuu1snunnun1

480 577 594 649 sionem
609 576 741 657 divortii,
765 579 976 665 proteslantnr,
993 577 1046 657 nisi
1062 574 1211 666 profusior
1225 577 1280 659 subi
1295 577 1507 643 alimentorum

479 672 566 755 copia
581 671 711 745 daretur,
727 669 755 732 se
766 670 875 733 cunsta
886 665 988 730 insulae
1001 661 1078 744 loca,
1093 682 1185 749 rupto
1195 662 1316 741 saedere,
1332 664 1506 732 vastaturos.-

479 763 588 843 Neque
624 759 778 841 aliquanto
806 755 925 841 segnius
955 756 1050 817 minas
1077 753 1232 817 effeslibus
1259 770 1274 800 a
1297 751 1503 837 prosecuntur.

479 846 644 931 Siquidem,
668 843 854 908 utbreviter
877 842 986 919 dicam,
1009 840 1145 905 accensus
1168 842 1304 905 manibus
1319 844 1505 925 Paganorum

477 936 555 1021 iguis
571 932 664 1015 justas
684 933 723 995 de
736 928 890 996 sceleribus
906 929 1010 1015 populi
1030 930 1078 993 dei
1094 930 1219 991 ultiones
1234 930 1368 1011 expetiit,
1392 950 1453 992 non
1471 930 1503 992 il·

479 1024 538 1087 lius
552 1023 657 1104 impar,
682 1022 735 1103 qui
751 1020 907 1103 quondam
921 1018 938 1081 ai
954 1018 1103 1081 Chaldaeis
1123 1013 1276 1079 succensus
1295 1014 1505 1099 Hierosolyma

478 1110 601 1184 moenia,
624 1109 717 1173 immo
732 1108 865 1182 aedificia,
889 1106 996 1169 cunsla
1010 1101 1200 1187 consumpsit.
1246 1106 1295 1167 Sic
1309 1106 1389 1167 enim
1403 1104 1434 1167 dc
1448 1106 1503 1181 hic,

479 1212 584 1283 agente
599 1196 691 1279 impio
709 1194 831 1271 visiore,
855 1195 916 1256 imo
931 1193 1104 1277 disponente
1120 1190 1202 1273 juslo
1218 1191 1330 1273 judice,
1354 1196 1504 1274 proximas

478 1283 613 1371 quasque
634 1285 778 1359 civitates,
807 1278 949 1367 agrosque
972 1279 1164 1365 depopulans,
1196 1280 1235 1343 ab
1262 1279 1401 1346 orientali
1427 1300 1505 1344 mare

477 1370 624 1457 usquead
641 1370 831 1446 occidentale,
848 1370 931 1432 nullo
944 1370 1134 1454 probibente,
1157 1364 1244 1430 suum
1258 1367 1445 1431 continuavit
1461 1370 1504 1431 in·

478 1462 629 1534 cendium,
655 1475 808 1541 totamque
833 1478 927 1541 prope
946 1455 1049 1519 insulae
1073 1456 1223 1539 pereuntis
1244 1450 1430 1537 superficiem
1452 1458 1503 1521 oba

477 1550 564 1612 texit.
600 1546 739 1610 Ruebant
753 1545 881 1611 aedificia
894 1543 1023 1630 publica,
1043 1543 1130 1607 simul
1145 1545 1175 1606 8t
1189 1544 1323 1626 privata;
1347 1534 1451 1627 pallius
1464 1541 1505 1606 sa·

452 1678 456 1687 ·
478 1637 613 1701 cerdotes
633 1638 711 1699 intra
732 1635 835 1698 altaria
859 1632 1107 1706 trucidabantur3
1132 1625 1268 1715 praesules
1292 1652 1362 1693 curn
1377 1632 1503 1715 populis,

477 1724 540 1787 sine
563 1723 627 1787 ullo
652 1720 786 1807 respesiu
807 1722 940 1796 honoris,
963 1717 1044 1783 ferro
1064 1723 1170 1803 pariter
1185 1720 1215 1781 a
1228 1712 1356 1781 dammis
1371 1716 1504 1783 absume·

479 1812 613 1877 bantura
646 1832 702 1875 nec
723 1826 787 1873 crat
808 1812 863 1893 qui
878 1807 1036 1872 crudeliter
1051 1810 1244 1889 interemptos
1266 1802 1428 1890 sepulturae
1449 1824 1505 1871 tra·

479 1900 575 1963 deret.
619 1902 726 1983 ltaque
750 1898 900 1963 nonnulli
920 1897 958 1958 de
972 1896 1141 1959 miserandis
1158 1894 1291 1977 reliquiis
1306 1895 1339 1956 in
1352 1896 1505 1961 montibus
1566 1955 1567 1960 ,

478 1987 679 2071 comprehensu
694 1984 1099 2068 acervatimjugulabanturs
1122 1983 1172 2045 alii
1194 1978 1273 2044 same
1287 1972 1503 2071 consesii‘pro

479 2075 619 2139 cedentes
640 2095 746 2137 manus
772 2071 907 2136 hollibus
928 2070 1050 2147 dabant,
1075 2091 1132 2155 pro
1151 2069 1327 2153 accipiendis
1346 2070 1506 2133 alimento⁴
1566 2073 1567 2148 ]

477 2182 547 2227 rum
562 2160 698 2226 subsidiis
712 2178 856 2223 aeternum
870 2157 998 2222 subituri
1013 2155 1184 2231 seruitium
1209 2158 1231 2221 si
1248 2173 1422 2222 tamennon
1437 2180 1503 2221 con·
1566 2153 1567 2226 l

479 2250 567 2313 tinuo
578 2250 796 2314 trucidarentur
810 2273 818 2309 ε
841 2249 891 2311 alii
903 2234 1060 2331 perstantes
1072 2246 1102 2309 in
1115 2246 1207 2331 patria
1219 2247 1328 2334 trepidi
1341 2265 1506 2329 pauperem

477 2339 571 2402 uitam
586 2341 618 2403 in
632 2340 795 2413 montibus,
818 2334 915 2420 sylvis,
938 2336 986 2399 vel
1007 2334 1134 2421 rupibus¹
1152 2332 1264 2409 arduis,
1286 2326 1451 2418 suspcsias
1493 2371 1504 2382 ·
1566 2355 1567 2376 ¹

478 2447 532 2510 per
547 2442 645 2491 mente
659 2427 798 2511 agebant.
1415 2500 1420 2510 .

906 2536 976 2616 Cap.
997 2531 1073 2597 16⁰².
1297 2588 1310 2595 ..
1404 2541 1409 2549 “
1566 2533 1567 2564 ¹

485 2737 490 2742 Ι
523 2662 566 2720 At
589 2657 643 2721 ubi
664 2655 776 2721 hollilis
795 2659 950 2732 exercims,
971 2656 1173 2720 exterminatis
1194 2651 1386 2742 dispersisque
1405 2653 1504 2720 insulae

476 2744 633 2830 indigenis,
664 2745 788 2808 domum
814 2743 945 2807 reversus
971 2743 1023 2819 est,
1054 2760 1210 2829 coepemnt
1235 2744 1266 2805 a
1288 2743 1333 2809 illi
1359 2744 1506 2826 paulatim

477 2835 554 2896 vires
569 2831 741 2917 animosque
750 2831 905 2906 resumere,
921 2848 1105 2916 emergentes
1120 2831 1158 2894 dc
1169 2831 1312 2905 latibulis,
1327 2833 1443 2914 quibus
1454 2833 1514 2894 ab⁴¹

477 2921 534 2984 diti
547 2918 675 2997 fuerant,
698 2923 878 2996 &unanimi
891 2917 1029 2984 consensu
1047 2920 1194 2984 auxilium
1207 2918 1325 2990 coelesle
1339 2937 1504 3001 precantes,

478 3029 517 3076 ne
538 3007 690 3093 usquead
712 3008 944 3072 internecionem
967 3005 1183 3091 usquequaque
1203 3008 1384 3078 delerentur.
1433 3011 1506 3071 Ute-

478 3097 587 3162 bantur
609 3119 647 3161 eo
669 3114 800 3180 tempore
814 3097 891 3159 duce
904 3096 1067 3161 Ambrosio
1080 3094 1252 3171 Aureliano,
1276 3099 1341 3169 viro
1351 3095 1514 3171 modesto,

478 3188 533 3273 qui
556 3182 634 3249 solus
658 3183 736 3250 sorte
765 3189 909 3256 Romana:
931 3188 1030 3268 gentis
1056 3181 1186 3268 praesatae
1213 3181 1378 3266 tempestati
1404 3180 1534 3272 snper-q.

476 3269 583 3346 suerat,
607 3271 708 3336 occifis
723 3274 754 3334 in
768 3272 879 3337 eadem¹
888 3275 1069 3355 parentibus,
1092 3273 1208 3355 regium
1223 3291 1334 3343 nomen
1344 3268 1517 3356 &insigne

475 3357 652 3424 serentibus.
688 3364 757 3425 Hoc
771 3381 845 3444 ergo
856 3361 933 3422 duce
946 3362 1023 3424 vires
1037 3360 1188 3442 capessunt
1203 3360 1348 3432 Britoues,
1364 3359 1396 3420 sc
1410 3359 1506 3422 visio·

477 3469 524 3512 res
549 3465 742 3530 provocantes
766 3449 804 3510 ad
832 3448 984 3530 proelium,
1019 3449 1173 3512 vidioriam
1198 3445 1263 3530 ipsi,
1296 3447 1355 3510 deo
1375 3445 1504 3524 favente,

476 3533 649 3618 suscipiunt.
693 3541 733 3598 Et
754 3557 791 3599 eo
807 3551 948 3618 ternpore,
963 3537 1144 3609 nunccives,
1169 3554 1248 3597 nunc
1271 3533 1379 3609 hostes,
1405 3538 1507 3599 vince·
1565 3546 1566 3551 ’

479 3624 562 3700 bant,
585 3621 737 3706 usquead
759 3644 871 3688 annum
892 3619 1058 3686 obsessionis
1073 3624 1215 3686 Badonici
1236 3625 1356 3697 montis
1380 3625 1505 3706 quando

479 3731 540 3775 nou
564 3713 700 3774 minimas
725 3709 833 3774 eisdem
851 3709 985 3774 hostibus
1000 3710 1111 3793 strages
1130 3711 1252 3785 dabant,
1275 3710 1505 3794 quadragesimo

476 3800 593 3862 circiter
608 3800 638 3858 ἃ
649 3799 695 3875 4⁰.
710 3819 790 3861 anno
803 3799 950 3862 adventus
963 3819 1068 3862 eorum
1083 3800 1114 3862 in
1128 3799 1325 3863 Britanniam.
1363 3799 1425 3861 Sed
1441 3801 1505 3863 haec
1565 3798 1566 3883 ζ

476 3886 678 3972 postmodum.

877 3998 927 4058 Ex
950 3999 1013 4077 cap.
1037 4010 1118 4076 170.·

518 4105 599 4167 Ante
615 4125 725 4188 paucos
742 4101 809 4168 sane
824 4105 966 4166 adventus
978 4097 1080 4167 eo'rum
1097 4125 1190 4166 annos
1205 4103 1321 4168 haeresrs
1335 4102 1516 4190 Pelagiana,

474 4214 528 4278 per
544 4193 712 4276 Agricolam
729 4191 830 4266 inlata,
856 4195 1001 4256 Severiaui
1021 4193 1147 4276 episcopi
1164 4191 1314 4274 Pelagiani
1332 4188 1443 4269 filium,
1469 4194 1505 4255 li·

474 4281 544 4342 dem
579 4282 788 4343 Britannorum
821 4277 904 4342 soeda
943 4279 1023 4362 pelle
1056 4281 1331 4345 commaculaverat.
1386 4283 1513 4344 Verum

472 4369 605 4432 Britanni
632 4387 702 4429 cum
728 4387 825 4449 neque
853 4365 997 4451 suscipere
1028 4367 1138 4451 dogma
1163 4366 1357 4451 perversum,
1375 4375 1504 4452 gratiam

399 4461 403 4470 '
472 4453 582 4518 Chrilii
599 4452 840 4538 blasphemaud0‚
863 4456 1012 4518 ullatenus
1025 4457 1144 4532 uellent,
1165 4476 1262 4538 neque
1276 4453 1435 4524 versutiam
1452 4478 1503 4518 ne·

472 4538 583 4628 phariae
607 4541 795 4627 persuasonis
813 4542 943 4609 resurare
967 4545 1063 4606 uerbis
1086 4542 1227 4608 certando
1252 4541 1431 4618 sufficerent,
1458 4547 1503 4609 iu·

953 4669 965 4699 a
984 4652 1028 4698 sic.
1367 4634 1512 4695 ueniunt
