3392 5300
664 439 1327 562 Jouuuronnnnnor

792 615 840 676 De
854 635 935 676 muro
955 611 1096 678 tiSeuero
1106 615 1202 695 satio.

528 701 570 762 Et
584 712 708 768 vocatur
720 701 890 763 Bruannico
911 698 1042 764 sermone
1056 701 1147 764 Gual.

437 807 450 826 e
529 785 719 853 Constantius
741 787 929 852 Constantini
953 790 1059 872 Magni
1072 789 1151 870 silius
1169 785 1238 864 fuit,
1262 790 1292 850 81
1314 788 1354 852 ibi
1371 790 1508 866 moritur,

485 873 516 938 tr
528 871 716 957 sepulchrum
728 876 817 959 ipsus
828 873 1010 952 monstratur
1016 877 1104 958 juxta
1118 876 1222 938 urbem
1234 895 1302 958 quae
1314 876 1507 962 Caersegeint,

477 979 521 1025 ut
534 963 636 1037 literae,
659 983 727 1046 quae
741 961 809 1026 sunt
823 965 855 1026 in
875 963 974 1046 lapide
989 963 1107 1040 tumuli,
1130 961 1299 1040 ostendunt,
1322 967 1351 1028 &
1372 969 1445 1030 urbs
1458 987 1507 1028 vo

484 1065 572 1114 eatur
586 1053 646 1112 alio
661 1052 781 1121 nomine
801 1053 1008 1114 Mirmautum.

527 1139 662 1206 Britooes
687 1152 786 1200 autem
808 1138 980 1220 dejecerunt
1014 1157 1139 1222 regnum
1165 1141 1379 1214 Romanorum,
1414 1161 1508 1223 neque

484 1225 605 1289 censum
628 1225 685 1287 illis
711 1224 869 1302 dederunt,
892 1243 992 1308 neque
1018 1246 1099 1308 reges
1127 1246 1229 1288 eorum
1255 1243 1441 1310 aeceperunt,
1474 1243 1506 1290 ut

484 1328 642 1397 regnarent
656 1310 743 1395 super
755 1333 817 1377 eos.
862 1317 968 1396 Neque
982 1315 1109 1375 Romani
1124 1312 1182 1374 ausi
1199 1313 1266 1376 sunt
1282 1317 1381 1378 venire
1395 1317 1426 1376 iu
1443 1318 1505 1378 Bri·

483 1401 614 1463 tanniam
636 1401 764 1483 amplius
784 1402 822 1464 ad
837 1403 1033 1486 regnandum,
1056 1403 1127 1485 quia
1141 1402 1231 1464 duces
1245 1423 1350 1464 eorum
1371 1406 1506 1466 Britones

475 1487 665 1552 occiderant.

348 1599 412 1665 ²²3·
423 1614 465 1660 45·
573 1576 721 1658 Τγναιιιιίι
733 1578 786 1638 Ro:
802 1577 966 1659 Legionem,
988 1599 1060 1660 quas
1076 1577 1218 1638 Britanni
1232 1577 1262 1638 in
1276 1577 1423 1640 auxilium

718 1676 822 1728 contra
837 1665 932 1726 Pistor
949 1665 978 1730 tir
996 1667 1104 1727 scottos
1121 1665 1275 1727 vocabant.

530 1751 659 1814 Romani
684 1767 784 1815 autem
809 1753 847 1812 ad
870 1753 1028 1832 imperium
1053 1751 1268 1834 auxiliumque,
1298 1751 1328 1814 8ι
1353 1752 1391 1814 ad
1412 1752 1506 1816 vindi·

485 1840 625 1914 eandum,
641 1839 806 1912 veniebant,
821 1840 862 1913 δι,
878 1835 1000 1920 spoliata
1014 1840 1163 1902 Britannia
1178 1859 1253 1900 auro
1268 1854 1462 1923 argentoque,
1478 1843 1506 1904 &

485 1947 553 2002 aere,
576 1929 607 1990 &
631 1928 714 1988 omni
735 1923 861 2009 pretiosa
882 1925 968 2001 veste,
999 1928 1029 1988 &
1049 1927 1145 2000 melle,
1174 1947 1245 1990 cum
1267 1945 1377 2011 magno
1403 1930 1507 1992 trium·

484 2015 547 2100 pho
561 2015 791 2078 revertebantur.

1050 2103 1072 2146 S.
1085 2103 1139 2148 Sex:

527 2166 726 2251 Vortegirnus
749 2181 846 2228 autem
870 2162 994 2248 suscepit
1016 2185 1067 2228 eos
1090 2167 1228 2250 benigne,
1251 2169 1281 2229 8ι
1305 2166 1430 2230 tradidit
1453 2167 1505 2230 illie

483 2249 617 2328 insulam,
642 2276 711 2336 quae
725 2254 826 2339 lingua
836 2255 956 2317 illorum
970 2271 1094 2317 vocatur
1106 2256 1241 2330 Teneth,
1254 2255 1439 2320 -Brirannico
1453 2254 1505 2320 ser·

483 2365 572 2406 mone
586 2345 756 2419 Ruoichun,
778 2357 921 2430 regnante
934 2342 1110 2406 Marchiano
1124 2339 1266 2406 secundo.

515 2445 538 2489 S.
551 2444 624 2489 Vorte
642 2441 717 2491 irnus.

525 2505 591 2592 Ipse
616 2457 693 2570 sinsus
717 2527 823 2590 captus
845 2505 899 2583 est,
923 2527 956 2572 ac
979 2521 1138 2583 catenatus,
1164 2529 1197 2572 ac
1212 2509 1346 2592 regiones
1364 2509 1516 2592 plurimas·

483 2614 539 2681 pro
550 2595 753 2677 redemptione
768 2597 873 2657 aoimae
888 2592 945 2657 suae
960 2595 1066 2659 tribuit
1080 2596 1147 2673 iilis,
1169 2597 1190 2661 i.
1205 2616 1232 2661 e.
1250 2595 1378 2675 Estsaxe,
1396 2601 1504 2664 South·

481 2680 560 2758 sane,
575 2698 611 2744 ut
625 2684 663 2746 ab
677 2684 778 2746 illicita
791 2682 1001 2763 conjunsiione
1017 2680 1044 2745 se
1059 2679 1211 2765 separaret.

527 2776 570 2833 At
583 2770 633 2832 ille
648 2768 741 2854 usque
756 2771 793 2833 ad
804 2774 967 2855 regionem,
986 2788 1052 2854 quae
1066 2770 1083 2831 t
1097 2774 1216 2835 nomine
1227 2770 1442 2855 suo'occeperat
1453 2794 1502 2837 no·

438 2875 440 2882 ’
483 2879 566 2932 men,
578 2855 960 2943 scilieetVortigirmanum,
977 2856 1178 2923 miserabiliter
1190 2858 1318 2945 aufugit,
1333 2877 1369 2923 ut
1380 2862 1424 2925 ibi
1437 2882 1504 2930 cum

481 2946 657 3012 mulieribus
672 2943 729 3027 suis
742 2948 857 3010 lateret.

524 3038 567 3112 Et
581 3035 689 3097 iterum
705 3038 902 3118 Vortegirnus
917 3033 1060 3119 usquead
1076 3054 1170 3099 arcem
1192 3055 1284 3121 quam
1299 3032 1504 3117 aedificavetat,

430 3163 435 3172 ·
481 3123 513 3186 δι
529 3141 638 3187 nomen
660 3122 744 3185 suum
762 3122 949 3205 imposuerat,
972 3142 1063 3208 atque
1087 3126 1116 3185 in
1136 3127 1286 3209 regionem
1308 3128 1503 3187 Demetorum

476 3210 565 3293 juxto
588 3210 641 3275 flu.
665 3212 765 3286 Teivi,
790 3213 847 3274 tire.
892 3215 963 3296 Qo
983 3214 1076 3273 modo
1098 3220 1168 3275 ¹cum
1183 3211 1239 3275 suis
1255 3212 1285 3274 in
1301 3232 1377 3288 arce,
1400 3226 1503 3277 orante

477 3299 638 3374 Germano,
663 3299 788 3361 flammis
803 3295 995 3381 consumptus
1010 3300 1058 3361 srt.

523 3390 649 3450 Tertius
674 3384 804 3460 pascent,
827 3388 881 3469 qui
905 3389 1041 3470 regnavit
1062 3387 1091 3449 in
1110 3386 1227 3450 duabus
1242 3387 1412 3470 provinciis,
1437 3389 1457 3451 i.
1473 3408 1498 3468 e.

375 3481 379 3487 ’
478 3476 568 3539 Buelt
592 3477 621 3537 δι
636 3477 906 3559 Vortegirmanum,
936 3474 999 3557 post
1021 3491 1145 3538 mortem
1167 3478 1260 3558 patris
1283 3473 1337 3551 sui,
1361 3474 1501 3559 largiente

478 3562 639 3626 Ambrosio
659 3565 713 3648 qui
737 3562 834 3625 suerat
849 3584 902 3625 rex
919 3565 948 3623 in
970 3583 1074 3625 omnes
1096 3582 1181 3645 reges
1199 3566 1376 3625 Britannicae
1391 3566 1499 3645 gentis.

478 3654 615 3735 Qartus
629 3651 764 3724 Faustus,
780 3653 833 3733 qui
844 3651 887 3713 illi
903 3652 941 3712 de
954 3651 1013 3713 filia
1029 3648 1176 3713 suanatus
1189 3649 1240 3715 est.
1271 3654 1370 3736 Qem
1385 3644 1499 3715 sanstus

478 3742 647 3801 Germanus
661 3740 831 3821 baptizavit,
855 3739 1008 3813 enutrivit,
1032 3739 1164 3803 edocuit.

666 3830 713 3889 De
727 3831 759 3889 S.
776 3828 908 3889 Potritio
924 3830 953 3887 in
972 3828 1124 3908 epffcopum
1138 3828 1308 3910 consecrato.

517 3917 707 3998 Nomenque,
722 3912 806 3999 quod
815 3914 856 3975 est
867 3914 1015 3989 Patritius,
1030 3910 1247 3999 sumpfit,'quia
1257 3915 1405 3979 Mannum
1417 3914 1498 3999 priu's

473 4004 646 4066 vocabatur.
884 4064 885 4069 ,
961 4046 962 4049 ¹
1551 4074 1553 4085 Ι

311 4102 366 4152 irrui
377 4101 407 4153 ιι-
517 4092 669 4165 Auxilius,
685 4087 843 4167 Iserninus,
866 4090 998 4153 &ceteri
1018 4088 1149 4154 inferiori
1163 4088 1260 4177 gradu
1275 4086 1362 4153 srmul
1377 4110 1447 4155 cum
1462 4110 1497 4153 eo

309 4170 436 4217 brums-
473 4176 694 4243 ordinatisuut.

308 4234 376 4294 nodi,
392 4186 423 4283 ab
615 4279 640 4291 ,,

307 4299 363 4363 ”53
371 4299 432 4349 cele,
523 4280 546 4327 S.
559 4279 679 4329 Painttus.

307 4366 389 4425 nm,
397 4366 422 4415 1,
429 4364 466 4416 ui·
518 4346 641 4428 Scripsit
656 4363 671 4394 a
687 4347 857 4431 abgetorica
872 4358 1032 4412 cccuxve.
1050 4348 1132 4413 &eo
1149 4347 1277 4431 amplius
1292 4362 1429 4411 numero.

258 4468 265 4478 .
308 4429 427 4564 ὓψῑιΐὲξξζὸ
504 4483 519 4514 a
536 4467 680 4543 sibietorieo
713 4467 1210 4544 dGateum,T0m.11.1ustrerepm.
1233 4465 1495 4535 AbgetoriaestWareo

415 4532 422 4547 ⁰
470 4530 497 4582 de
508 4532 635 4597 Smptonb.
647 4533 678 4581 Hr
693 4544 733 4599 .p.
746 4551 799 4593 103.
812 4534 846 4581 ubi
857 4542 929 4583 monet
941 4534 993 4581 nint
1003 4532 1195 4603 atiudstgmficare
1204 4550 1270 4603 quam
1281 4531 1432 4601 uitiosorum,
1443 4531 1495 4596 stoc

470 4598 634 4665 elementaque
642 4598 733 4667 scripjit
746 4600 773 4651 ir
786 4598 857 4647 dot-uir
871 4602 894 4649 S.
905 4600 1023 4651 Patricius.

819 4686 840 4749 4
1389 4663 1493 4753 Sepul-
