3392 5300
351 497 421 579 rm
675 485 1357 579 Jonnutannnnuor

539 622 686 693 Montana
701 648 781 712 vero,
798 647 867 711 quae
882 625 1045 693 ‘aCambris
1057 630 1154 705 Ereti,
1172 630 1212 693 ab
1224 628 1332 719 singlis
1342 650 1416 695 vero
1428 636 1527 697 snam

496 716 587 794 dune,
612 718 631 780 i.
649 737 677 781 e.
704 717 817 779 nivium
845 731 971 791 montes,
995 716 1147 792 dicuntur,
1171 736 1241 801 quae
1262 716 1279 779 ὲ
1302 733 1380 799 terra
1399 721 1525 785 filiorum

497 805 611 869 Canani
626 803 769 887 paulatim
784 806 969 865 incrementa
983 800 1156 884 suscipiunt,
1177 804 1207 867 ἃ
1221 826 1315 889 prope
1330 811 1484 891 Dugannu
1498 813 1525 873 in

496 893 619 955 boream
641 888 670 955 se
684 892 877 975 protendunt,
900 906 1006 953 contra
1027 892 1164 971 Muniam
1184 912 1256 955 vero
1280 897 1416 958 turribus
1440 900 1526 967 aiteio

495 981 586 1044 nimis
605 982 768 1042 enormiter
790 976 972 1055 adcrescunt,
998 975 1054 1040 sub
1076 978 1193 1043 silentio
1217 1002 1278 1045 non
1300 979 1367 1045 sunt
1393 1002 1524 1066 pratere-

495 1068 589 1132 unda.
627 1072 664 1131 In
678 1064 801 1131 summis
814 1082 915 1128 autern
931 1067 1081 1129 montium
1095 1066 1218 1131 istorum
1232 1070 1395 1144 uerticibus
1411 1072 1474 1135 duo
1487 1074 1524 1135 la·

493 1176 548 1219 cus
562 1156 764 1237 reperiuntur,
787 1151 838 1229 sua
854 1154 1048 1217 admiratione
1058 1175 1120 1217 non
1133 1157 1259 1239 indigni.
1296 1159 1382 1221 Alter
1398 1180 1469 1223 vero
1483 1163 1523 1222 in·

492 1240 589 1307 sulam
603 1244 692 1307 babet
710 1243 877 1318 erraticam,
900 1243 930 1304 vi
943 1257 1112 1321 ventorum,
1135 1245 1355 1327 impellentium
1376 1236 1418 1307 ad
1432 1270 1525 1333 oppo-

495 1330 566 1394 sitas
581 1331 746 1413 plurimum
761 1330 843 1393 lacus
864 1345 971 1414 partes,
995 1322 1206 1395 errabundam.

539 1418 623 1481 Alter
638 1438 710 1483 vero
723 1420 802 1480 miro
817 1420 847 1479 δι
862 1418 999 1479 inaudito
1013 1418 1159 1480 miraculo
1173 1417 1277 1503 pollet,
1301 1419 1373 1505 qnia
1388 1442 1460 1487 cnm
1476 1425 1524 1486 tri·

493 1526 547 1570 um
562 1526 707 1591 generum
727 1503 854 1588 piscibus
868 1506 1012 1582 abundet,
1035 1505 1185 1588 anguillis,
1204 1510 1315 1585 turnis,
1341 1508 1521 1593 &perchiis

493 1614 597 1658 omnes
618 1595 649 1657 in
671 1615 708 1657 eo
731 1588 821 1674 pisces
835 1595 990 1657 monoculi
1014 1595 1215 1678 reperiuntur,
1239 1599 1363 1659 oculum
1384 1598 1522 1663 dextrum

494 1682 651 1758 habentes,
675 1678 835 1745 &sinistro
853 1698 997 1745 carentes.

897 1767 1136 1857 Transnavigato
1160 1770 1269 1836 deinde
1287 1772 1342 1838 flu.
1369 1773 1418 1837 vel
1439 1775 1522 1839 maris

370 1910 398 1967 C
457 1918 488 1963 W
519 1899 574 1965 fl·
772 1902 774 1907 -
852 1856 985 1934 brachio,
1008 1856 1063 1924 sub
1088 1863 1245 1945 Dugannu
1270 1854 1451 1925 monasterio
1475 1856 1522 1927 Ci-

369 1924 465 2055 ΚἫ
483 1924 504 2052 le
532 1924 574 2053 du
851 1942 1010 2025 liertiensrs
1035 1948 1148 2010 ordinis
1162 1944 1249 2031 supet
1263 1950 1397 2012 Cunewe
1417 1952 1456 2035 ab
1478 1972 1522 2013 oc·

369 2010 603 2143 &mimmius
618 2078 675 2141 Gri
698 2078 762 2141 hini
851 2033 940 2096 cidua
960 2018 1046 2096 fluvii
1070 2051 1154 2118 parte
1178 2036 1195 2097 a
1214 2035 1321 2099 dextra
1341 2038 1457 2115 relisio,
1481 2037 1523 2101 us·

416 2102 434 2141 ¹¹
491 2126 499 2154 ’
764 2124 774 2154 ’
851 2141 912 2203 qne
932 2122 971 2184 ad
986 2120 1173 2209 Rutheland,
1195 2124 1298 2205 nobile
1320 2124 1456 2191 similiter
1479 2148 1522 2189 ca-

848 2207 942 2271 strum
967 2211 1101 2291 primaevi
1128 2213 1223 2274 Oenei
1240 2212 1296 2276 filii
1324 2216 1450 2281 Davidis
1478 2212 1522 2279 su·

888 2318 903 2359 r
918 2298 1001 2361 Cloit
1014 2298 1069 2361 flu:
1086 2299 1133 2361 via
1148 2297 1222 2363 duce
1238 2302 1439 2383 pervenimus.

894 2384 946 2449 Esl
967 2384 1036 2450 sons
1052 2407 1113 2449 non
1134 2389 1240 2470 procul
1264 2384 1479 2453 aiRudbeland
1493 2383 1522 2454 in

493 2478 647 2566 provincia
669 2476 707 2539 de
733 2474 902 2559 Tegengel,
932 2496 1024 2559 quem
1052 2476 1140 2537 nobis
1166 2488 1283 2543 tantum
1310 2476 1359 2538 die
1386 2479 1520 2555 naturali,

493 2588 579 2631 more
590 2567 716 2638 marino,
732 2560 782 2627 sed
794 2562 925 2640 viciffim,
941 2565 970 2625 δι
985 2562 1102 2640 crebro,
1126 2563 1231 2628 diebus
1246 2566 1276 2626 dc
1291 2563 1432 2646 nosiibus
1446 2556 1522 2631 bunc
1569 2577 1570 2588 ¹

493 2655 584 2719 undis
599 2653 734 2727 deficere,
758 2672 837 2714 nunc
852 2652 1025 2727 exuberare,
1049 2663 1166 2716 certum
1181 2652 1232 2717 est

537 2741 589 2806 Ad
610 2740 821 2826 pauperculam
838 2737 1052 2804 Laneluensem
1074 2739 1235 2817 ecclesiam,
1261 2763 1366 2825 parum
1391 2744 1461 2808 inde
1480 2743 1521 2807 di·

494 2827 629 2905 stantem,
652 2827 850 2902 transivimus,
873 2828 928 2889 nbi
950 2829 979 2889 δι
1000 2828 1081 2890 milla
1103 2829 1141 2892 ab
1156 2828 1358 2913 archipresule
1378 2833 1523 2895 celebrata

493 2922 550 2984 iter
559 2919 774 2994 incontinenter
789 2916 911 3000 aggressi
921 2913 1032 2990 sumus,
1048 2916 1078 2978 &
1089 2937 1141 3000 per
1152 2917 1275 2980 divitem
1285 2939 1393 2981 venam
1408 2918 1521 2983 frusin-

493 3002 641 3090 osumque
655 3006 769 3088 argenti
783 3001 967 3080 scrutinium,
992 3005 1045 3068 nbi
1063 3019 1076 3050 a
1095 3005 1259 3087 penitima''
1275 3002 1436 3080 scrutando
1449 3012 1523 3071 itum

493 3091 536 3158 e‘st
560 3096 593 3160 in
612 3091 720 3168 ,viscera
738 3107 833 3170 terrae,
858 3089 1039 3155 transeuntes
1061 3093 1091 3155 in
1114 3092 1223 3155 cellula
1242 3093 1437 3178 Bafinguorc
1459 3117 1522 3184 per-

494 3181 693 3248 nosiavimns.
1371 3219 1376 3226 ·

538 3273 573 3332 In
587 3267 713 3334 crastino
738 3290 811 3332 vero
824 3269 951 3353 longum
970 3269 1134 3352 vinumque
1155 3291 1206 3352 per
1221 3265 1442 3339 locasabulum
1464 3293 1522 3336 non

494 3355 606 3442 absque
631 3356 791 3422 formidine
817 3372 1010 3441 permeantes,
1035 3355 1177 3439 sylvestria
1197 3359 1234 3420 de
1255 3361 1435 3435 Colelhnlle,
1461 3363 1481 3424 i.
1495 3383 1521 3424 e.
1568 3392 1569 3407 .

495 3446 643 3510 Carbonis
668 3445 752 3522 colle,
778 3443 795 3506 d
817 3447 924 3508 dextra
940 3448 1127 3528 reliquimus,
1148 3448 1204 3510 dcc.
1250 3451 1324 3531 Qo
1339 3449 1431 3529 passo
1446 3439 1523 3512 Hen-

494 3537 575 3598 ricus
591 3544 634 3600 2³.
661 3538 692 3600 in
718 3533 776 3596 hoc
797 3534 881 3598 atsto
901 3531 1029 3618 sylvestri
1049 3535 1226 3618 pugnaverit
1245 3553 1306 3598 non
1333 3535 1394 3600 fine
1413 3558 1524 3624 magno
1568 3522 1569 3581 ἶ

493 3618 617 3686 suorum
632 3623 824 3689 detrimento.

370 1816 527 1899 Dugannu
541 1809 764 1880 monasterium.

325 2169 463 2257 princeps
480 2166 679 2247 Sudwalliae.

369 2260 427 2320 Hie
440 2256 538 2318 David
549 2255 677 2318 duxerat
688 2256 718 2317 in
730 2273 805 2319 uxo·

326 2366 391 2414 rem
404 2344 498 2409 sistam
517 2344 637 2409 Henrici
650 2344 727 2429 regis
743 2340 783 2409 2¹.
848 2317 887 2381 Pe

855 3731 933 3778 Heus:
943 3746 979 3780 as.

538 3801 605 3861 Ter
628 3799 706 3860 enim
722 3793 880 3878 praedisins
902 3783 956 3858 rex
969 3799 1000 3858 in
1018 3781 1109 3859 manu
1132 3794 1203 3861 sorti
1223 3797 1374 3860 Gualliam
1390 3791 1520 3863 intravit.

491 3887 593 3954 Primo
608 3886 800 3949 Norwalliam
816 3899 980 3967 praenotato
1000 3885 1123 3948 inloto.
1169 3887 1306 3948 Secundo
1326 3888 1522 3952 Sndwalliam

490 3996 546 4060 pet
560 3976 707 4038 maritima
723 3973 760 4034 de
775 3973 1015 4055 Walthmorgan‚
1040 3971 1201 4046 &Gnhen
1225 3975 1306 4035 viam
1319 3973 1418 4038 versus
1435 3981 1521 4061 Caer-

491 4063 644 4136 metdhin,
660 4063 690 4124 dt
705 4060 864 4135 Pencader,
880 4061 1031 4134 intrando,
1055 4062 1085 4122 ἃ
1099 4083 1151 4144 per
1166 4061 1298 4135 Elenitb,
1322 4063 1352 4124 u
1363 4063 1521 4140 Melenitb,

491 4149 680 4215 revertendo.
726 4149 835 4210 Tertio
850 4169 920 4210 vero
937 4147 1091 4210 Pontifiam
1108 4149 1188 4232 apud
1204 4145 1442 4216 Oswaldellreat.

537 4235 743 4304 Transvadato
759 4236 880 4298 tandem
903 4238 986 4298 Deiae
1001 4237 1055 4300 flu.
1074 4234 1128 4300 sub
1150 4235 1269 4322 cestria,
1293 4259 1384 4320 quem
1401 4238 1521 4321 Cambri

379 4377 392 4386 t
489 4325 674 4388 Deuetdoeu
689 4323 805 4399 dicunt,
820 4321 893 4386 seria
905 4333 947 4407 3².
964 4342 1031 4386 ante
1046 4322 1161 4407 pascha,
1179 4325 1226 4386 die
1240 4325 1379 4388 videlicet
1395 4326 1408 4374 b
1424 4325 1519 4390 Abso-

489 4413 579 4489 lonis,
604 4409 747 4475 Cestriam
761 4413 909 4476 venimus.
956 4414 1040 4474 Sicut
1055 4415 1135 4476 enim
1151 4415 1234 4495 Vaga
1251 4412 1288 4474 ab
1302 4411 1431 4493 austrof
1447 4415 1519 4478 Stri-

522 4569 538 4601 α
554 4551 680 4601 Pecuniam
692 4550 723 4602 al.
757 4548 770 4600 b
788 4550 832 4612 Sic,
844 4548 1101 4615 cumAmajuscula,in
1116 4550 1167 4598 cod.
1178 4547 1257 4614 nostro.
1283 4551 1355 4619 Atqui
1365 4549 1520 4603 absolutionis

488 4619 562 4689 potius
574 4619 660 4690 legend.
672 4635 698 4672 er
709 4614 805 4686 impreffi
838 4633 851 4667 c
867 4617 914 4668 Sub
925 4613 1000 4667 mllio
1016 4614 1163 4684 strigulenfi,
1179 4616 1201 4669 itt
1212 4615 1309 4684 irnprff
1436 4683 1447 4750 l
1484 4679 1515 4760 fi,

1360 4759 1363 4763 ¹
1392 4704 1481 4774 guen
