3392 5300
281 502 633 602 Autronium
676 464 1106 581 contracturus.
1285 492 1393 595 tou·

190 646 351 735 Anglorum
373 668 443 731 rege
468 649 602 714 Henrico
623 648 669 715 2⁰.
692 648 724 710 in
746 647 944 712 Venedotiam
967 651 1130 712 exercitum
1155 644 1214 711 du·

188 751 278 813 cente,
312 736 366 800 ubi
381 738 421 799 ἃ
446 738 477 800 in
500 736 585 801 atsto
613 734 742 820 sylvestri
771 736 854 819 apud
880 737 1048 799 Coleshulle
1074 736 1214 801 bellicam

190 822 276 888 aleam
298 838 442 909 expertus
463 823 516 901 est,
538 824 623 889 classe
646 827 676 887 io
703 826 835 887 Muniam
861 825 1019 901 tranmissu,
1042 844 1113 889 cum
1139 834 1214 907 prse-

190 912 272 975 dicte
295 912 434 990 ccclesrae,
458 910 581 997 aliisque
607 912 787 975 Sanctorum
809 932 865 997 per
886 911 1011 983 insulam
1035 914 1118 988 locis,
1147 910 1215 994 spo

189 999 294 1077 liando,
318 1000 492 1084 praedando,
518 1003 641 1065 minime
660 998 818 1077 deferrent,
851 1001 953 1064 divina
972 1017 987 1047 a
1005 998 1125 1064 secuta''
1148 1002 1214 1063 viu·
1306 1056 1311 1077 ‚

187 1087 273 1165 dicta,
297 1090 407 1152 aoeolae
430 1088 549 1153 tandem
564 1090 605 1153 ‘in
620 1089 758 1166 advenas,
782 1092 871 1172 pauci
894 1091 924 1151 iu
944 1087 1068 1163 multos,
1089 1089 1215 1151 inermes

189 1190 285 1239 contra
298 1192 439 1253 armatos,
461 1173 562 1241 subito
584 1179 741 1255 irruentes,
766 1178 872 1239 multis
894 1172 1087 1259 interemptis,
1111 1176 1213 1238 multis

191 1260 296 1347 [sque
319 1266 433 1351 captis]
458 1263 489 1328 dc
512 1267 543 1333 in
556 1266 676 1330 vincula
691 1265 780 1343 datis,
803 1264 928 1329 visloria
950 1266 1040 1349 potiti
1054 1261 1124 1327 suut
1144 1284 1213 1326 cru·

187 1352 335 1418 eutiffima.
937 1414 941 1419 ,

227 1442 358 1505 Fuerant
381 1456 484 1507 autem
498 1440 562 1507 duo
585 1440 699 1508 nobiles
720 1441 784 1519 viri,
807 1440 991 1524 &ejusqui
1012 1436 1127 1523 scripsit
1146 1438 1213 1502 haec

187 1529 334 1605 avunculi,
356 1550 428 1593 cum
442 1528 506 1593 aliis
520 1532 581 1595 huc
605 1534 712 1617 stege
727 1528 892 1593 transmissi.
937 1531 977 1593 H.
994 1526 1015 1592 s.
1037 1531 1116 1613 regis
1130 1532 1223 1601 Hen-¹
1260 1559 1263 1564 ⁴

187 1616 237 1679 rici
256 1618 344 1701 primi
368 1617 461 1695 filius,
484 1619 515 1681 &
536 1634 548 1667 ⁶
566 1616 710 1683 secundi''
737 1619 913 1692 avunculus,
937 1638 976 1681 ex
995 1617 1088 1680 nobili
1112 1614 1213 1691 Nesla,

186 1702 272 1768 Rhesi
286 1706 361 1783 filia,
384 1707 417 1771 in
430 1704 555 1771 australi·
566 1709 707 1773 Cambria
722 1708 871 1770 Demetiae
884 1704 995 1769 finibus
1009 1706 1165 1779 oriundus,
1182 1705 1215 1767 dc
1348 1746 1353 1752 s

134 1814 135 1817 ¹
186 1792 344 1873 Robercus,
369 1795 515 1879 Stephani
532 1795 623 1873 filius,
646 1796 769 1861 Henrici
782 1793 874 1859 frater
887 1815 948 1857 non
968 1814 1138 1878 germanus,
1152 1789 1215 1855 'sed

187 1882 328 1959 uterinus,
350 1884 395 1947 rit
408 1884 544 1967 quidem,
568 1888 621 1968 qui
636 1883 737 1949 nostro
756 1884 871 1967 primus
886 1898 1031 1965 tempore,
1054 1882 1118 1945 aliis
1134 1883 1215 1944 viam
1253 1870 1258 1885 '

187 1970 326 2050 praebeos,
350 1971 542 2037 isrbernieam
556 1994 617 2037 non
638 1973 729 2057 longe
751 1969 817 2055 post
832 1970 982 2055 aggressus
1003 1968 1046 2033 esi
1059 1990 1216 2053 expugna·

188 2056 306 2123 tionem.
353 2061 501 2123 Heurictts
513 2064 607 2146 igitur
622 2062 715 2124 nimia
728 2056 822 2123 fretus
836 2058 970 2135 audacia,
994 2059 1135 2141 bonaque
1147 2078 1215 2121 om·

187 2146 257 2208 nino
281 2144 444 2212 destitutus
468 2144 598 2233 sequela,
631 2168 702 2212 cum
726 2167 837 2233 magno
858 2144 978 2211 suorum
1004 2147 1110 2209 dolore
1134 2148 1215 2209 inter

187 2235 294 2315 primos
308 2234 419 2302 lanceis
440 2234 590 2300 confossus
603 2236 755 2301 occubuit.
800 2235 955 2302 Robettus
968 2254 1038 2299 vero
1050 2232 1217 2298 desenfioni
1233 2271 1236 2278 ,

188 2320 331 2405 diffidens,
353 2325 407 2390 vix
420 2325 459 2391 ad
474 2342 561 2389 nares
574 2325 705 2411 graviter
717 2322 890 2389 vulneratus
903 2321 1005 2387 evasit.

227 2488 280 2555 Est
301 2492 334 2557 8<
354 2490 449 2559 insula
462 2492 582 2560 modica
602 2492 777 2559 collateralis
789 2496 912 2573 Moniae,
937 2496 968 2559 δι
986 2444 1218 2575 serecoutihua,

187 2578 386 2663 quam'solum
401 2582 568 2664 heremitae,
590 2582 690 2650 labore
711 2604 857 2650 manuum
871 2586 1011 2664 virentes,
1032 2587 1065 2650 dt
1077 2584 1136 2648 deo
1155 2584 1217 2650 set·

187 2670 306 2752 vientes,
332 2670 513 2739 inhabitant.

207 2783 209 2790 ·
230 2759 353 2823 Dicitur
376 2775 477 2824 autem
492 2756 586 2826 insula
604 2760 748 2846 praedidia
769 2759 945 2827 Enislenach
959 2762 1127 2839 Cambrice,
1151 2765 1171 2827 i.
1183 2784 1216 2828 e:

187 2842 273 2909 insula
298 2845 503 2924 ecclesiastica,
526 2865 647 2934 propter
669 2850 787 2932 copiam
811 2845 990 2928 sanctorum,
1013 2869 1148 2937 quorum
1171 2853 1215 2917 ibi
1308 2886 1311 2891 ·
1351 2855 1363 2878 ’
1448 2860 1451 2867 ’

188 2951 309 3016 corpora
318 2936 434 3018 jacent.
478 2939 520 3000 Et
534 2937 610 3001 hanc
624 2935 747 3002 insulam
767 2935 889 3001 feminae
902 2960 964 3003 non
980 2942 1104 3006 intrant.

227 3023 363 3088 Reversus
378 3021 395 3085 i
408 3025 513 3088 Monia
528 3029 647 3112 Bangot
663 3027 774 3090 iterum
791 3021 938 3090 ostensum
952 3026 994 3090 est
1009 3029 1106 3106 nobis,
1130 3028 1213 3110 prin·
1234 3037 1292 3108 sag.
1304 3043 1365 3101 ποτε

188 3108 258 3194 cipis
280 3112 377 3176 Oenei
402 3109 603 3196 sepulchrum,
637 3117 692 3198 qui
726 3115 757 3178 in
783 3114 967 3199 presbyterio
994 3136 1096 3181 coram
1121 3116 1215 3180 altare

188 3215 252 3262 cum
266 3194 359 3266 fratre
367 3201 481 3282 juniori
496 3200 695 3267 Cadwaladro
708 3203 741 3266 in
754 3201 895 3288 spelunca
907 3203 1022 3287 duplici
1032 3203 1184 3288 jacebant.

227 3285 338 3353 Versus
359 3291 491 3354 Cunewe
510 3290 624 3354 flumen
648 3293 769 3354 marinis
791 3291 880 3356 undis
902 3313 971 3373 non,
987 3293 1216 3374 impermixtum

188 3372 239 3438 itet
262 3375 474 3441 inconstanter
489 3379 681 3463 arripuimus.
726 3381 798 3443 Non
812 3381 919 3463 procul
943 3380 983 3443 ab
995 3397 1066 3442 ortu
1081 3384 1218 3444 Cunewe

189 3463 330 3550 incapite
353 3462 461 3529 montis
476 3469 571 3544 Ereti,
594 3467 678 3553 quod
700 3487 740 3532 ex
753 3467 809 3531 hac
825 3483 910 3552 parte
928 3467 960 3530 in
976 3468 1097 3531 boream
1111 3483 1217 3530 exten·

189 3551 277 3630 ditur,
293 3552 597 3634 statDinasEmeris,
612 3553 710 3633 idest,
727 3558 968 3640 promontorium
982 3554 1142 3629 Ambrofii,
1159 3557 1216 3619 ubi

189 3640 333 3707 Merlinus
362 3642 591 3726 prophetizavit,
627 3641 745 3708 sedente
778 3641 866 3728 super
899 3645 994 3726 ripam
1022 3645 1215 3728 Vortigerno.

191 3727 280 3794 Erant
295 3731 377 3804 enim
391 3729 513 3796 Merlini
525 3729 598 3798 duo.
642 3731 710 3810 isle,
732 3733 788 3818 qui
811 3737 842 3798 dc
856 3731 1033 3798 Anbrofius
1047 3730 1148 3797 dictus
1162 3732 1216 3810 est,

191 3904 259 3988 quia
277 3899 293 3951 s
311 3860 595 3984 bindmiusfuerat
618 3909 649 3971 ἃ
669 3903 724 3972 sub
742 3928 812 3993 rege
825 3888 1215 3992 Vortigerno'prophetizdi

189 3994 240 4070 vit,
252 3991 302 4058 ab
316 3993 431 4058 incubo
446 3991 576 4078 genitus,
598 3995 731 4080 &apud
747 3995 962 4060 Caerruerdhin
977 3999 1124 4075 inventus.
1149 3997 1217 4059 ·Al-

191 4089 320 4144 terreto
343 4079 381 4144 de
392 4081 521 4150 Albania
540 4083 698 4159 oriundus,
721 4085 776 4168 qui
796 4087 826 4148 &
844 4085 1018 4149 celidonius
1031 4085 1049 4146 ai
1064 4083 1221 4147 Celidonia

191 4165 245 4232 &c
290 4167 352 4233 Hic
374 4183 475 4238 autem
500 4185 637 4258 tempore
658 4174 763 4236 Arturi
783 4170 852 4247 suit,
876 4173 906 4236 δι
926 4174 1016 4256 longe
1038 4173 1163 4254 plenius,
1187 4170 1220 4234 Gt

191 4258 320 4338 apertius
346 4277 439 4342 quam
464 4255 540 4326 alter
563 4259 790 4346 prophetizavit,
813 4261 889 4326 ficut
911 4261 1074 4331 raticinalis
1097 4259 1219 4324 historia

191 4341 343 4410 manifeste
358 4344 520 4432 depromit.

221 4539 339 4586 asecum
354 4536 414 4588 MS.
462 4533 640 4608 sEtimpreffi
673 4533 1025 4610 estliMsoumastertsu.
1060 4537 1223 4605 d‘Asteriscus
1303 4491 1309 4500 =

182 4597 307 4667 septulia.
320 4601 460 4670 estimare
477 4605 613 4676 recentiori..
732 4610 759 4676 ζ,
993 4614 995 4618 “

1073 4702 1223 4772 Moutant
