<?xml version="1.0" encoding="UTF-8"?>
<!DOCTYPE html PUBLIC "-//W3C//DTD XHTML 1.0 Transitional//EN"
    "http://www.w3.org/TR/xhtml1/DTD/xhtml1-transitional.dtd">
<html xmlns="http://www.w3.org/1999/xhtml" xml:lang="en" lang="en">
 <head>
  <title>
</title>
<meta http-equiv="Content-Type" content="text/html;charset=utf-8" />
  <meta name='ocr-system' content='tesseract 3.04.00' />
  <meta name='ocr-capabilities' content='ocr_page ocr_carea ocr_par ocr_line ocrx_word'/>
</head>
<body>
  <div class='ocr_page' id='page_1' title='image "./joannislelandia10lelagoog/joannislelandia10lelagoog_0039.png"; bbox 0 0 3392 5300; ppageno 0'>
   <div class='ocr_carea' id='block_1_1' title="bbox 298 499 1356 602">
    <p class='ocr_par' dir='ltr' id='par_1_1' title="bbox 298 499 1356 602">
     <span class='ocr_line' id='line_1_1' title="bbox 298 499 1356 602; baseline 0 -25"><span class='ocrx_word' id='word_1_1' title='bbox 298 499 1130 602; x_wconf 55' lang='lat' dir='ltr'>nurrounnrrconuae‘unnnnu</span> <span class='ocrx_word' id='word_1_2' title='bbox 1295 525 1356 602; x_wconf 50' lang='grc' dir='ltr'>Ἃρ,</span> 
     </span>
    </p>
   </div>
   <div class='ocr_carea' id='block_1_2' title="bbox 611 644 792 733">
    <p class='ocr_par' dir='ltr' id='par_1_2' title="bbox 611 644 792 733">
     <span class='ocr_line' id='line_1_2' title="bbox 611 644 792 733; baseline -0.011 -21"><span class='ocrx_word' id='word_1_3' title='bbox 611 644 792 733; x_wconf 80' lang='lat' dir='ltr'>Galfredns.</span> 
     </span>
    </p>
   </div>
   <div class='ocr_carea' id='block_1_3' title="bbox 154 742 1441 1448">
    <p class='ocr_par' dir='ltr' id='par_1_3' title="bbox 193 742 1218 1073">
     <span class='ocr_line' id='line_1_3' title="bbox 236 742 1218 836; baseline 0.007 -29"><span class='ocrx_word' id='word_1_4' title='bbox 236 742 344 808; x_wconf 85' lang='lat' dir='ltr'>Posuit</span> <span class='ocrx_word' id='word_1_5' title='bbox 357 767 422 809; x_wconf 88' lang='lat' dir='ltr'>eam</span> <span class='ocrx_word' id='word_1_6' title='bbox 434 747 465 809; x_wconf 90' lang='lat' dir='ltr'>in</span> <span class='ocrx_word' id='word_1_7' title='bbox 480 747 592 832; x_wconf 89' lang='lat' dir='ltr'>oppido</span> <span class='ocrx_word' id='word_1_8' title='bbox 606 747 762 832; x_wconf 85' lang='lat' dir='ltr'>Tintagol,</span> <span class='ocrx_word' id='word_1_9' title='bbox 785 751 817 813; x_wconf 91' lang='lat' dir='ltr'>iu</span> <span class='ocrx_word' id='word_1_10' title='bbox 831 747 931 826; x_wconf 80' lang='lat' dir='ltr'>littore</span> <span class='ocrx_word' id='word_1_11' title='bbox 945 749 1042 823; x_wconf 88' lang='lat' dir='ltr'>maris,</span> <span class='ocrx_word' id='word_1_12' title='bbox 1065 749 1148 836; x_wconf 88' lang='lat' dir='ltr'>quod</span> <span class='ocrx_word' id='word_1_13' title='bbox 1161 771 1218 835; x_wconf 91' lang='lat' dir='ltr'>pro</span> 
     </span>
     <span class='ocr_line' id='line_1_4' title="bbox 195 831 1216 918; baseline 0.008 -24"><span class='ocrx_word' id='word_1_14' title='bbox 195 832 302 896; x_wconf 90' lang='lat' dir='ltr'>tutiori</span> <span class='ocrx_word' id='word_1_15' title='bbox 324 831 444 918; x_wconf 85' lang='lat' dir='ltr'>refugio</span> <span class='ocrx_word' id='word_1_16' title='bbox 458 834 596 898; x_wconf 89' lang='lat' dir='ltr'>habebat.</span> <span class='ocrx_word' id='word_1_17' title='bbox 642 833 708 917; x_wconf 90' lang='lat' dir='ltr'>Ipse</span> <span class='ocrx_word' id='word_1_18' title='bbox 720 851 816 899; x_wconf 78' lang='lat' dir='ltr'>verua</span> <span class='ocrx_word' id='word_1_19' title='bbox 831 835 973 918; x_wconf 80' lang='lat' dir='ltr'>ingrelsrs</span> <span class='ocrx_word' id='word_1_20' title='bbox 987 834 1050 898; x_wconf 87' lang='lat' dir='ltr'>esi“</span> <span class='ocrx_word' id='word_1_21' title='bbox 1065 837 1216 902; x_wconf 87' lang='lat' dir='ltr'>castellum</span> 
     </span>
     <span class='ocr_line' id='line_1_5' title="bbox 193 919 1215 1073; baseline 0.009 -91"><span class='ocrx_word' id='word_1_22' title='bbox 193 921 355 1073; x_wconf 38' lang='grc' dir='ltr'>ςΙέιίιιιῠίοε,</span> <span class='ocrx_word' id='word_1_23' title='bbox 374 943 421 1000; x_wconf 91' lang='lat' dir='ltr'>ne,</span> <span class='ocrx_word' id='word_1_24' title='bbox 436 921 459 984; x_wconf 84' lang='lat' dir='ltr'>st</span> <span class='ocrx_word' id='word_1_25' title='bbox 474 919 671 987; x_wconf 89' lang='lat' dir='ltr'>infortunium</span> <span class='ocrx_word' id='word_1_26' title='bbox 685 925 884 1007; x_wconf 75' lang='lat' dir='ltr'>interpeniret,</span> <span class='ocrx_word' id='word_1_27' title='bbox 902 924 996 986; x_wconf 86' lang='lat' dir='ltr'>ambo</span> <span class='ocrx_word' id='word_1_28' title='bbox 1009 922 1124 989; x_wconf 86' lang='lat' dir='ltr'>insrmul</span> <span class='ocrx_word' id='word_1_29' title='bbox 1139 928 1215 1012; x_wconf 90' lang='lat' dir='ltr'>peri·</span> 
     </span>
    </p>

    <p class='ocr_par' dir='ltr' id='par_1_4' title="bbox 224 1008 792 1073">
     <span class='ocr_line' id='line_1_6' title="bbox 224 1008 792 1073; baseline 0.011 -4"><span class='ocrx_word' id='word_1_30' title='bbox 224 1008 381 1073; x_wconf 67' lang='lat' dir='ltr'>&#39;tarentum</span> <span class='ocrx_word' id='word_1_31' title='bbox 785 1053 792 1066; x_wconf 64' lang='lat'>=</span> 
     </span>
    </p>

    <p class='ocr_par' dir='ltr' id='par_1_5' title="bbox 154 1095 1441 1448">
     <span class='ocr_line' id='line_1_7' title="bbox 241 1095 1441 1185; baseline 0.008 -25"><span class='ocrx_word' id='word_1_32' title='bbox 241 1096 359 1160; x_wconf 82' lang='lat' dir='ltr'>Etenim</span> <span class='ocrx_word' id='word_1_33' title='bbox 373 1095 462 1160; x_wconf 87' lang='lat' dir='ltr'>srtum</span> <span class='ocrx_word' id='word_1_34' title='bbox 471 1096 512 1161; x_wconf 88' lang='lat' dir='ltr'>est</span> <span class='ocrx_word' id='word_1_35' title='bbox 523 1100 555 1160; x_wconf 90' lang='lat' dir='ltr'>in</span> <span class='ocrx_word' id='word_1_36' title='bbox 569 1099 654 1173; x_wconf 88' lang='lat' dir='ltr'>mari,</span> <span class='ocrx_word' id='word_1_37' title='bbox 669 1099 845 1185; x_wconf 86' lang='lat' dir='ltr'>&amp;undique</span> <span class='ocrx_word' id='word_1_38' title='bbox 856 1097 1081 1180; x_wconf 84' lang='lat' dir='ltr'>circumclusum</span> <span class='ocrx_word' id='word_1_39' title='bbox 1093 1097 1131 1164; x_wconf 91' lang='lat' dir='ltr'>ab</span> <span class='ocrx_word' id='word_1_40' title='bbox 1142 1096 1214 1182; x_wconf 77' lang='lat' dir='ltr'>ipso,</span> <span class='ocrx_word' id='word_1_41' title='bbox 1226 1105 1342 1176; x_wconf 73' lang='lat' dir='ltr'>Ttnaagtt</span> <span class='ocrx_word' id='word_1_42' title='bbox 1437 1155 1441 1170; x_wconf 93' lang='lat'>.</span> 
     </span>
     <span class='ocr_line' id='line_1_8' title="bbox 154 1168 1290 1270; baseline 0.008 -29"><span class='ocrx_word' id='word_1_43' title='bbox 154 1228 158 1241; x_wconf 71' lang='grc'><strong>,</strong></span> <span class='ocrx_word' id='word_1_44' title='bbox 193 1185 259 1246; x_wconf 89' lang='lat' dir='ltr'>Nec</span> <span class='ocrx_word' id='word_1_45' title='bbox 280 1182 323 1247; x_wconf 90' lang='lat' dir='ltr'>est</span> <span class='ocrx_word' id='word_1_46' title='bbox 346 1184 485 1249; x_wconf 85' lang='lat' dir='ltr'>introitus</span> <span class='ocrx_word' id='word_1_47' title='bbox 504 1188 589 1263; x_wconf 88' lang='lat' dir='ltr'>alter,</span> <span class='ocrx_word' id='word_1_48' title='bbox 617 1187 670 1250; x_wconf 82' lang='lat' dir='ltr'>nist</span> <span class='ocrx_word' id='word_1_49' title='bbox 698 1207 789 1270; x_wconf 90' lang='lat' dir='ltr'>quem</span> <span class='ocrx_word' id='word_1_50' title='bbox 810 1185 932 1269; x_wconf 87' lang='lat' dir='ltr'>angusta</span> <span class='ocrx_word' id='word_1_51' title='bbox 954 1207 1042 1269; x_wconf 89' lang='lat' dir='ltr'>rupes</span> <span class='ocrx_word' id='word_1_52' title='bbox 1062 1168 1290 1270; x_wconf 57' lang='lat' dir='ltr'>praebeatssfflss·</span> 
     </span>
     <span class='ocr_line' id='line_1_9' title="bbox 192 1266 1217 1358; baseline 0.008 -26"><span class='ocrx_word' id='word_1_53' title='bbox 192 1266 291 1353; x_wconf 91' lang='lat' dir='ltr'>ipsum</span> <span class='ocrx_word' id='word_1_54' title='bbox 314 1285 374 1334; x_wconf 88' lang='lat' dir='ltr'>tres</span> <span class='ocrx_word' id='word_1_55' title='bbox 398 1275 503 1337; x_wconf 90' lang='lat' dir='ltr'>armati</span> <span class='ocrx_word' id='word_1_56' title='bbox 518 1275 624 1338; x_wconf 79' lang='lat' dir='ltr'>milites</span> <span class='ocrx_word' id='word_1_57' title='bbox 645 1276 804 1358; x_wconf 79' lang='lat' dir='ltr'>prohibere</span> <span class='ocrx_word' id='word_1_58' title='bbox 828 1289 955 1358; x_wconf 90' lang='lat' dir='ltr'>queunt,</span> <span class='ocrx_word' id='word_1_59' title='bbox 978 1277 1035 1337; x_wconf 78' lang='lat' dir='ltr'>dcc.</span> <span class='ocrx_word' id='word_1_60' title='bbox 1082 1277 1124 1339; x_wconf 95' lang='lat' dir='ltr'>Ut</span> <span class='ocrx_word' id='word_1_61' title='bbox 1145 1276 1217 1340; x_wconf 93' lang='lat' dir='ltr'>dolo</span> 
     </span>
     <span class='ocr_line' id='line_1_10' title="bbox 192 1358 1193 1448; baseline 0.006 -28"><span class='ocrx_word' id='word_1_62' title='bbox 192 1358 330 1423; x_wconf 89' lang='lat' dir='ltr'>Utherus</span> <span class='ocrx_word' id='word_1_63' title='bbox 345 1358 532 1446; x_wconf 87' lang='lat' dir='ltr'>Tindagium</span> <span class='ocrx_word' id='word_1_64' title='bbox 546 1362 708 1438; x_wconf 86' lang='lat' dir='ltr'>intraverit,</span> <span class='ocrx_word' id='word_1_65' title='bbox 734 1365 763 1424; x_wconf 77' lang='lat' dir='ltr'>dc</span> <span class='ocrx_word' id='word_1_66' title='bbox 785 1382 855 1425; x_wconf 88' lang='lat' dir='ltr'>eum</span> <span class='ocrx_word' id='word_1_67' title='bbox 871 1367 976 1448; x_wconf 84' lang='lat' dir='ltr'>lgerna</span> <span class='ocrx_word' id='word_1_68' title='bbox 989 1362 1193 1427; x_wconf 85' lang='lat' dir='ltr'>concubuerit.</span> 
     </span>
    </p>
   </div>
   <div class='ocr_carea' id='block_1_4' title="bbox 638 1467 810 1535">
    <p class='ocr_par' dir='ltr' id='par_1_6' title="bbox 638 1467 810 1535">
     <span class='ocr_line' id='line_1_11' title="bbox 638 1467 810 1535; baseline 0.017 -3"><span class='ocrx_word' id='word_1_69' title='bbox 638 1467 810 1535; x_wconf 87' lang='lat' dir='ltr'>Galsredus.</span> 
     </span>
    </p>
   </div>
   <div class='ocr_carea' id='block_1_5' title="bbox 180 1578 1348 3546">
    <p class='ocr_par' dir='ltr' id='par_1_7' title="bbox 237 1578 1285 1776">
     <span class='ocr_line' id='line_1_12' title="bbox 237 1578 1285 1666; baseline 0.001 -25"><span class='ocrx_word' id='word_1_70' title='bbox 237 1579 384 1665; x_wconf 85' lang='lat' dir='ltr'>Concepit</span> <span class='ocrx_word' id='word_1_71' title='bbox 396 1580 497 1666; x_wconf 89' lang='lat' dir='ltr'>itaque</span> <span class='ocrx_word' id='word_1_72' title='bbox 509 1580 612 1646; x_wconf 84' lang='lat' dir='ltr'>eadem</span> <span class='ocrx_word' id='word_1_73' title='bbox 628 1579 716 1646; x_wconf 69' lang='lat' dir='ltr'>noete</span> <span class='ocrx_word' id='word_1_74' title='bbox 730 1581 951 1654; x_wconf 81' lang='lat' dir='ltr'>celeberrimum</span> <span class='ocrx_word' id='word_1_75' title='bbox 964 1578 1050 1644; x_wconf 90' lang='lat' dir='ltr'>illum</span> <span class='ocrx_word' id='word_1_76' title='bbox 1059 1582 1212 1648; x_wconf 79' lang='lat' dir='ltr'>Asturum.</span> <span class='ocrx_word' id='word_1_77' title='bbox 1282 1635 1285 1642; x_wconf 35' lang='lat' dir='ltr'>r</span> 
     </span>
     <span class='ocr_line' id='line_1_13' title="bbox 599 1683 1225 1776; baseline 0.002 -22"><span class='ocrx_word' id='word_1_78' title='bbox 599 1697 650 1755; x_wconf 85' lang='lat' dir='ltr'>Ex</span> <span class='ocrx_word' id='word_1_79' title='bbox 666 1705 714 1774; x_wconf 84' lang='lat'>3⁰.</span> <span class='ocrx_word' id='word_1_80' title='bbox 730 1694 809 1772; x_wconf 71' lang='lat' dir='ltr'>cap0.</span> <span class='ocrx_word' id='word_1_81' title='bbox 1128 1683 1131 1690; x_wconf 48' lang='lat'><strong>¹</strong></span> <span class='ocrx_word' id='word_1_82' title='bbox 1221 1765 1225 1776; x_wconf 31' lang='grc' dir='ltr'>Ι</span> 
     </span>
    </p>

    <p class='ocr_par' dir='ltr' id='par_1_8' title="bbox 189 1785 1339 2048">
     <span class='ocr_line' id='line_1_14' title="bbox 234 1785 1339 1874; baseline 0.001 -24"><span class='ocrx_word' id='word_1_83' title='bbox 234 1787 408 1872; x_wconf 84' lang='lat' dir='ltr'>Pugnantes</span> <span class='ocrx_word' id='word_1_84' title='bbox 429 1809 503 1874; x_wconf 84' lang='lat' dir='ltr'>ergo</span> <span class='ocrx_word' id='word_1_85' title='bbox 519 1788 589 1853; x_wconf 90' lang='lat' dir='ltr'>hinc</span> <span class='ocrx_word' id='word_1_86' title='bbox 603 1791 633 1852; x_wconf 73' lang='grc' dir='ltr'><strong>ἃ</strong></span> <span class='ocrx_word' id='word_1_87' title='bbox 655 1789 737 1864; x_wconf 90' lang='lat' dir='ltr'>inde,</span> <span class='ocrx_word' id='word_1_88' title='bbox 761 1791 837 1852; x_wconf 86' lang='lat' dir='ltr'>inter</span> <span class='ocrx_word' id='word_1_89' title='bbox 863 1789 973 1872; x_wconf 84' lang='lat' dir='ltr'>primos</span> <span class='ocrx_word' id='word_1_90' title='bbox 988 1785 1157 1853; x_wconf 80' lang='lat' dir='ltr'>interfesius</span> <span class='ocrx_word' id='word_1_91' title='bbox 1171 1786 1212 1854; x_wconf 91' lang='lat' dir='ltr'>est</span> <span class='ocrx_word' id='word_1_92' title='bbox 1225 1785 1339 1836; x_wconf 74' lang='lat' dir='ltr'>oruuttoc</span> 
     </span>
     <span class='ocr_line' id='line_1_15' title="bbox 189 1863 1326 1962; baseline 0.004 -24"><span class='ocrx_word' id='word_1_93' title='bbox 189 1875 324 1951; x_wconf 90' lang='lat' dir='ltr'>Gorlois‚</span> <span class='ocrx_word' id='word_1_94' title='bbox 347 1879 378 1938; x_wconf 75' lang='lat' dir='ltr'>dr</span> <span class='ocrx_word' id='word_1_95' title='bbox 391 1873 461 1941; x_wconf 86' lang='lat' dir='ltr'>socii</span> <span class='ocrx_word' id='word_1_96' title='bbox 474 1879 537 1960; x_wconf 87' lang='lat' dir='ltr'>ejus</span> <span class='ocrx_word' id='word_1_97' title='bbox 551 1876 687 1961; x_wconf 85' lang='lat' dir='ltr'>diffipati.</span> <span class='ocrx_word' id='word_1_98' title='bbox 734 1879 865 1960; x_wconf 88' lang='lat' dir='ltr'>Captum</span> <span class='ocrx_word' id='word_1_99' title='bbox 875 1875 916 1940; x_wconf 89' lang='lat' dir='ltr'>ell</span> <span class='ocrx_word' id='word_1_100' title='bbox 931 1877 1077 1960; x_wconf 89' lang='lat' dir='ltr'>oppidum</span> <span class='ocrx_word' id='word_1_101' title='bbox 1091 1863 1326 1962; x_wconf 55' lang='lat' dir='ltr'>quoqueoel&#39;m‘·</span> 
     </span>
     <span class='ocr_line' id='line_1_16' title="bbox 189 1962 950 2048; baseline 0.014 -24"><span class='ocrx_word' id='word_1_102' title='bbox 189 1962 274 2048; x_wconf 91' lang='lat' dir='ltr'>quud</span> <span class='ocrx_word' id='word_1_103' title='bbox 288 1962 471 2028; x_wconf 90' lang='lat' dir='ltr'>obsederant.</span> <span class='ocrx_word' id='word_1_104' title='bbox 949 2023 950 2028; x_wconf 31' lang='lat'>1</span> 
     </span>
    </p>

    <p class='ocr_par' dir='ltr' id='par_1_9' title="bbox 186 2050 1286 2390">
     <span class='ocr_line' id='line_1_17' title="bbox 234 2050 1214 2137; baseline 0.004 -25"><span class='ocrx_word' id='word_1_105' title='bbox 234 2051 380 2119; x_wconf 82' lang='lat' dir='ltr'>Reversus</span> <span class='ocrx_word' id='word_1_106' title='bbox 395 2054 497 2137; x_wconf 89' lang='lat' dir='ltr'>itaque</span> <span class='ocrx_word' id='word_1_107' title='bbox 509 2052 547 2116; x_wconf 89' lang='lat' dir='ltr'>ad</span> <span class='ocrx_word' id='word_1_108' title='bbox 556 2053 703 2136; x_wconf 89' lang='lat' dir='ltr'>oppidum</span> <span class='ocrx_word' id='word_1_109' title='bbox 715 2050 873 2137; x_wconf 84' lang='lat' dir='ltr'>Tintagoil</span> <span class='ocrx_word' id='word_1_110' title='bbox 887 2050 1058 2135; x_wconf 89' lang='lat' dir='ltr'>cepitillud,</span> <span class='ocrx_word' id='word_1_111' title='bbox 1073 2053 1214 2137; x_wconf 85' lang='lat' dir='ltr'>cepitque</span> 
     </span>
     <span class='ocr_line' id='line_1_18' title="bbox 186 2137 1213 2225; baseline 0.003 -23"><span class='ocrx_word' id='word_1_112' title='bbox 186 2143 340 2222; x_wconf 86' lang='lat' dir='ltr'>Igeruam,</span> <span class='ocrx_word' id='word_1_113' title='bbox 375 2141 405 2202; x_wconf 65' lang='lat'>8(</span> <span class='ocrx_word' id='word_1_114' title='bbox 423 2157 496 2206; x_wconf 84' lang='lat' dir='ltr'>soto</span> <span class='ocrx_word' id='word_1_115' title='bbox 521 2137 574 2206; x_wconf 89' lang='lat' dir='ltr'>suo</span> <span class='ocrx_word' id='word_1_116' title='bbox 596 2143 712 2225; x_wconf 83' lang='lat' dir='ltr'>potitus</span> <span class='ocrx_word' id='word_1_117' title='bbox 737 2140 789 2203; x_wconf 85' lang='lat' dir='ltr'>est.</span> <span class='ocrx_word' id='word_1_118' title='bbox 833 2137 1081 2204; x_wconf 88' lang='lat' dir='ltr'>Commanserunt</span> <span class='ocrx_word' id='word_1_119' title='bbox 1106 2139 1213 2205; x_wconf 89' lang='lat' dir='ltr'>deinde</span> 
     </span>
     <span class='ocr_line' id='line_1_19' title="bbox 188 2227 1286 2312; baseline 0.006 -25"><span class='ocrx_word' id='word_1_120' title='bbox 188 2228 302 2308; x_wconf 77' lang='lat' dir='ltr'>pariter</span> <span class='ocrx_word' id='word_1_121' title='bbox 329 2247 391 2289; x_wconf 90' lang='lat' dir='ltr'>non</span> <span class='ocrx_word' id='word_1_122' title='bbox 411 2229 535 2291; x_wconf 89' lang='lat' dir='ltr'>minimo</span> <span class='ocrx_word' id='word_1_123' title='bbox 558 2250 658 2292; x_wconf 87' lang='lat' dir='ltr'>amore</span> <span class='ocrx_word' id='word_1_124' title='bbox 682 2230 776 2312; x_wconf 88' lang='lat' dir='ltr'>ligati,</span> <span class='ocrx_word' id='word_1_125' title='bbox 806 2241 1090 2312; x_wconf 88' lang='lat' dir='ltr'>progenueruntque</span> <span class='ocrx_word' id='word_1_126' title='bbox 1114 2227 1214 2294; x_wconf 82' lang='lat' dir='ltr'>filium</span> <span class='ocrx_word' id='word_1_127' title='bbox 1280 2257 1286 2277; x_wconf 82' lang='lat'>=</span> 
     </span>
     <span class='ocr_line' id='line_1_20' title="bbox 187 2313 1116 2390; baseline 0.006 -15"><span class='ocrx_word' id='word_1_128' title='bbox 187 2315 220 2376; x_wconf 79' lang='lat' dir='ltr'>de</span> <span class='ocrx_word' id='word_1_129' title='bbox 234 2313 340 2378; x_wconf 82' lang='lat' dir='ltr'>filiam.</span> <span class='ocrx_word' id='word_1_130' title='bbox 385 2317 457 2380; x_wconf 86' lang='lat' dir='ltr'>Fuit</span> <span class='ocrx_word' id='word_1_131' title='bbox 469 2317 524 2378; x_wconf 88' lang='lat' dir='ltr'>silii</span> <span class='ocrx_word' id='word_1_132' title='bbox 539 2336 647 2378; x_wconf 90' lang='lat' dir='ltr'>numen</span> <span class='ocrx_word' id='word_1_133' title='bbox 662 2318 827 2390; x_wconf 88' lang='lat' dir='ltr'>Arthurus,</span> <span class='ocrx_word' id='word_1_134' title='bbox 851 2316 919 2378; x_wconf 84' lang='lat' dir='ltr'>fitiae</span> <span class='ocrx_word' id='word_1_135' title='bbox 932 2334 1007 2388; x_wconf 88' lang='lat' dir='ltr'>veru</span> <span class='ocrx_word' id='word_1_136' title='bbox 1019 2317 1116 2381; x_wconf 86' lang='lat' dir='ltr'>Anna.</span> 
     </span>
    </p>

    <p class='ocr_par' dir='ltr' id='par_1_10' title="bbox 184 2397 1221 2662">
     <span class='ocr_line' id='line_1_21' title="bbox 232 2397 1210 2486; baseline 0.002 -22"><span class='ocrx_word' id='word_1_137' title='bbox 232 2403 356 2466; x_wconf 83' lang='lat' dir='ltr'>Interim</span> <span class='ocrx_word' id='word_1_138' title='bbox 377 2423 448 2466; x_wconf 83' lang='lat' dir='ltr'>vero</span> <span class='ocrx_word' id='word_1_139' title='bbox 468 2402 602 2467; x_wconf 81' lang='lat' dir='ltr'>cullodea</span> <span class='ocrx_word' id='word_1_140' title='bbox 624 2407 757 2476; x_wconf 82' lang='lat' dir='ltr'>carceris,</span> <span class='ocrx_word' id='word_1_141' title='bbox 781 2405 811 2465; x_wconf 91' lang='lat' dir='ltr'>in</span> <span class='ocrx_word' id='word_1_142' title='bbox 832 2423 896 2486; x_wconf 91' lang='lat' dir='ltr'>quo</span> <span class='ocrx_word' id='word_1_143' title='bbox 916 2402 992 2465; x_wconf 83' lang='lat' dir='ltr'>otta</span> <span class='ocrx_word' id='word_1_144' title='bbox 1013 2418 1104 2484; x_wconf 88' lang='lat' dir='ltr'>atque</span> <span class='ocrx_word' id='word_1_145' title='bbox 1125 2397 1210 2481; x_wconf 89' lang='lat' dir='ltr'>Cosa,</span> 
     </span>
     <span class='ocr_line' id='line_1_22' title="bbox 184 2483 1221 2576; baseline 0.006 -26"><span class='ocrx_word' id='word_1_146' title='bbox 184 2509 269 2571; x_wconf 81' lang='lat' dir='ltr'>quoa</span> <span class='ocrx_word' id='word_1_147' title='bbox 282 2486 552 2572; x_wconf 82' lang='lat' dir='ltr'>supramemoravi,</span> <span class='ocrx_word' id='word_1_148' title='bbox 576 2489 723 2554; x_wconf 72' lang='lat' dir='ltr'>taediosam</span> <span class='ocrx_word' id='word_1_149' title='bbox 739 2493 831 2552; x_wconf 87' lang='lat' dir='ltr'>vitam</span> <span class='ocrx_word' id='word_1_150' title='bbox 850 2488 1009 2567; x_wconf 86' lang='lat' dir='ltr'>ducebant,</span> <span class='ocrx_word' id='word_1_151' title='bbox 1032 2483 1221 2576; x_wconf 80' lang='lat' dir='ltr'>diffugerant·</span> 
     </span>
     <span class='ocr_line' id='line_1_23' title="bbox 184 2579 1188 2662; baseline 0.003 -22"><span class='ocrx_word' id='word_1_152' title='bbox 184 2596 259 2646; x_wconf 82' lang='lat' dir='ltr'>cum</span> <span class='ocrx_word' id='word_1_153' title='bbox 271 2579 316 2640; x_wconf 81' lang='lat' dir='ltr'>eia</span> <span class='ocrx_word' id='word_1_154' title='bbox 327 2580 358 2640; x_wconf 91' lang='lat' dir='ltr'>in</span> <span class='ocrx_word' id='word_1_155' title='bbox 368 2580 571 2654; x_wconf 80' lang='lat' dir='ltr'>Germaniam,</span> <span class='ocrx_word' id='word_1_156' title='bbox 587 2594 788 2662; x_wconf 89' lang='lat' dir='ltr'>terroremque</span> <span class='ocrx_word' id='word_1_157' title='bbox 804 2599 855 2660; x_wconf 90' lang='lat' dir='ltr'>per</span> <span class='ocrx_word' id='word_1_158' title='bbox 870 2598 995 2661; x_wconf 87' lang='lat' dir='ltr'>regnum</span> <span class='ocrx_word' id='word_1_159' title='bbox 1010 2579 1188 2644; x_wconf 85' lang='lat' dir='ltr'>intulerunt.</span> 
     </span>
    </p>

    <p class='ocr_par' dir='ltr' id='par_1_11' title="bbox 183 2663 1219 3014">
     <span class='ocr_line' id='line_1_24' title="bbox 232 2663 1213 2749; baseline 0.004 -21"><span class='ocrx_word' id='word_1_160' title='bbox 232 2665 399 2729; x_wconf 87' lang='lat' dir='ltr'>Redierunt</span> <span class='ocrx_word' id='word_1_161' title='bbox 422 2669 504 2730; x_wconf 91' lang='lat' dir='ltr'>enim</span> <span class='ocrx_word' id='word_1_162' title='bbox 517 2688 588 2729; x_wconf 87' lang='lat' dir='ltr'>cum</span> <span class='ocrx_word' id='word_1_163' title='bbox 603 2670 733 2729; x_wconf 81' lang='lat' dir='ltr'>maxima</span> <span class='ocrx_word' id='word_1_164' title='bbox 747 2666 832 2729; x_wconf 88' lang='lat' dir='ltr'>classe</span> <span class='ocrx_word' id='word_1_165' title='bbox 856 2663 997 2749; x_wconf 89' lang='lat' dir='ltr'>sociisque</span> <span class='ocrx_word' id='word_1_166' title='bbox 1011 2666 1213 2733; x_wconf 87' lang='lat' dir='ltr'>innumerabi-</span> 
     </span>
     <span class='ocr_line' id='line_1_25' title="bbox 184 2754 1212 2839; baseline 0.005 -22"><span class='ocrx_word' id='word_1_167' title='bbox 184 2754 279 2830; x_wconf 82' lang='lat' dir='ltr'>libus,</span> <span class='ocrx_word' id='word_1_168' title='bbox 313 2755 343 2816; x_wconf 83' lang='lat'>&amp;</span> <span class='ocrx_word' id='word_1_169' title='bbox 363 2770 461 2837; x_wconf 86' lang='lat' dir='ltr'>partes</span> <span class='ocrx_word' id='word_1_170' title='bbox 480 2754 617 2819; x_wconf 73' lang='lat' dir='ltr'>Albania:</span> <span class='ocrx_word' id='word_1_171' title='bbox 635 2754 752 2839; x_wconf 86' lang='lat' dir='ltr'>ingressi</span> <span class='ocrx_word' id='word_1_172' title='bbox 771 2756 905 2817; x_wconf 81' lang='lat' dir='ltr'>civitates</span> <span class='ocrx_word' id='word_1_173' title='bbox 929 2773 1021 2838; x_wconf 88' lang='lat' dir='ltr'>atque</span> <span class='ocrx_word' id='word_1_174' title='bbox 1043 2756 1120 2818; x_wconf 86' lang='lat' dir='ltr'>cives</span> <span class='ocrx_word' id='word_1_175' title='bbox 1143 2758 1212 2838; x_wconf 86' lang='lat' dir='ltr'>igue</span> 
     </span>
     <span class='ocr_line' id='line_1_26' title="bbox 185 2836 1219 2925; baseline 0.004 -22"><span class='ocrx_word' id='word_1_176' title='bbox 185 2836 350 2905; x_wconf 82' lang='lat' dir='ltr'>accendere</span> <span class='ocrx_word' id='word_1_177' title='bbox 363 2839 512 2907; x_wconf 79' lang='lat' dir='ltr'>affestaut.</span> <span class='ocrx_word' id='word_1_178' title='bbox 556 2843 764 2907; x_wconf 82' lang='lat' dir='ltr'>committitur</span> <span class='ocrx_word' id='word_1_179' title='bbox 782 2837 886 2925; x_wconf 84' lang='lat' dir='ltr'>itaq&#39;ue</span> <span class='ocrx_word' id='word_1_180' title='bbox 899 2842 1043 2907; x_wconf 86' lang='lat' dir='ltr'>exercitui</span> <span class='ocrx_word' id='word_1_181' title='bbox 1056 2843 1219 2907; x_wconf 73' lang='lat' dir='ltr'>Britannias</span> 
     </span>
     <span class='ocr_line' id='line_1_27' title="bbox 183 2926 1214 3014; baseline 0.004 -21"><span class='ocrx_word' id='word_1_182' title='bbox 183 2930 275 2994; x_wconf 87' lang='lat' dir='ltr'>Loth</span> <span class='ocrx_word' id='word_1_183' title='bbox 288 2928 327 2993; x_wconf 89' lang='lat' dir='ltr'>de</span> <span class='ocrx_word' id='word_1_184' title='bbox 344 2928 540 3008; x_wconf 88' lang='lat' dir='ltr'>Lundouesra,</span> <span class='ocrx_word' id='word_1_185' title='bbox 561 2946 598 2992; x_wconf 92' lang='lat' dir='ltr'>nt</span> <span class='ocrx_word' id='word_1_186' title='bbox 612 2926 708 2995; x_wconf 83' lang='lat' dir='ltr'>hostes</span> <span class='ocrx_word' id='word_1_187' title='bbox 721 2930 844 3014; x_wconf 84' lang='lat' dir='ltr'>lougius</span> <span class='ocrx_word' id='word_1_188' title='bbox 859 2946 980 2994; x_wconf 88' lang='lat' dir='ltr'>arceret.</span> <span class='ocrx_word' id='word_1_189' title='bbox 1027 2933 1099 2994; x_wconf 86' lang='lat' dir='ltr'>Erat</span> <span class='ocrx_word' id='word_1_190' title='bbox 1113 2946 1214 2997; x_wconf 84' lang='lat' dir='ltr'>autem</span> 
     </span>
    </p>

    <p class='ocr_par' dir='ltr' id='par_1_12' title="bbox 382 3039 917 3091">
     <span class='ocr_line' id='line_1_28' title="bbox 382 3039 917 3091; baseline 0.004 -1"><span class='ocrx_word' id='word_1_191' title='bbox 382 3039 504 3091; x_wconf 83' lang='lat' dir='ltr'>aliasLeis</span> <span class='ocrx_word' id='word_1_192' title='bbox 914 3048 917 3063; x_wconf 80' lang='grc'><strong>“</strong></span> 
     </span>
    </p>

    <p class='ocr_par' dir='ltr' id='par_1_13' title="bbox 180 3104 1210 3457">
     <span class='ocr_line' id='line_1_29' title="bbox 182 3104 1210 3194; baseline 0.003 -21"><span class='ocrx_word' id='word_1_193' title='bbox 182 3104 291 3173; x_wconf 92' lang='lat' dir='ltr'>oonsul</span> <span class='ocrx_word' id='word_1_194' title='bbox 311 3107 363 3173; x_wconf 82' lang='lat' dir='ltr'>ille</span> <span class='ocrx_word' id='word_1_195' title='bbox 384 3111 456 3172; x_wconf 87' lang='lat' dir='ltr'>Leir</span> <span class='ocrx_word' id='word_1_196' title='bbox 475 3130 566 3194; x_wconf 81' lang='lat' dir='ltr'>eques</span> <span class='ocrx_word' id='word_1_197' title='bbox 587 3107 807 3184; x_wconf 77' lang='lat' dir='ltr'>strenuissimus,</span> <span class='ocrx_word' id='word_1_198' title='bbox 830 3107 966 3191; x_wconf 85' lang='lat' dir='ltr'>sapientia</span> <span class='ocrx_word' id='word_1_199' title='bbox 988 3112 1018 3173; x_wconf 76' lang='lat' dir='ltr'>a</span> <span class='ocrx_word' id='word_1_200' title='bbox 1039 3123 1126 3188; x_wconf 77' lang='lat' dir='ltr'>atate</span> <span class='ocrx_word' id='word_1_201' title='bbox 1146 3132 1210 3176; x_wconf 88' lang='lat' dir='ltr'>ma·</span> 
     </span>
     <span class='ocr_line' id='line_1_30' title="bbox 183 3195 1209 3283; baseline 0.004 -22"><span class='ocrx_word' id='word_1_202' title='bbox 183 3214 285 3279; x_wconf 57' lang='lat' dir='ltr'>turus,</span> <span class='ocrx_word' id='word_1_203' title='bbox 313 3196 466 3262; x_wconf 85' lang='lat' dir='ltr'>Probitate</span> <span class='ocrx_word' id='word_1_204' title='bbox 479 3218 553 3282; x_wconf 86' lang='lat' dir='ltr'>ergo</span> <span class='ocrx_word' id='word_1_205' title='bbox 562 3197 653 3283; x_wconf 89' lang='lat' dir='ltr'>ipsrus</span> <span class='ocrx_word' id='word_1_206' title='bbox 668 3200 846 3264; x_wconf 84' lang='lat' dir='ltr'>acclamante</span> <span class='ocrx_word' id='word_1_207' title='bbox 855 3198 976 3261; x_wconf 88' lang='lat' dir='ltr'>dederat</span> <span class='ocrx_word' id='word_1_208' title='bbox 986 3199 1013 3261; x_wconf 95' lang='lat' dir='ltr'>ei</span> <span class='ocrx_word' id='word_1_209' title='bbox 1024 3197 1114 3261; x_wconf 87' lang='lat' dir='ltr'>filiam</span> <span class='ocrx_word' id='word_1_210' title='bbox 1125 3195 1209 3265; x_wconf 86' lang='lat' dir='ltr'>suam</span> 
     </span>
     <span class='ocr_line' id='line_1_31' title="bbox 182 3282 1208 3369; baseline 0.004 -22"><span class='ocrx_word' id='word_1_211' title='bbox 182 3288 316 3361; x_wconf 86' lang='lat' dir='ltr'>Annam,</span> <span class='ocrx_word' id='word_1_212' title='bbox 339 3286 486 3369; x_wconf 84' lang='lat' dir='ltr'>regnique</span> <span class='ocrx_word' id='word_1_213' title='bbox 498 3283 542 3349; x_wconf 90' lang='lat' dir='ltr'>sui</span> <span class='ocrx_word' id='word_1_214' title='bbox 555 3306 669 3361; x_wconf 88' lang='lat' dir='ltr'>curam,</span> <span class='ocrx_word' id='word_1_215' title='bbox 692 3288 766 3349; x_wconf 89' lang='lat' dir='ltr'>dum</span> <span class='ocrx_word' id='word_1_216' title='bbox 781 3286 945 3353; x_wconf 88' lang='lat' dir='ltr'>infirmitati</span> <span class='ocrx_word' id='word_1_217' title='bbox 960 3282 1131 3367; x_wconf 86' lang='lat' dir='ltr'>subjaceret,</span> <span class='ocrx_word' id='word_1_218' title='bbox 1150 3287 1208 3351; x_wconf 75' lang='lat' dir='ltr'>&amp;u</span> 
     </span>
     <span class='ocr_line' id='line_1_32' title="bbox 180 3368 1199 3457; baseline 0.002 -22"><span class='ocrx_word' id='word_1_219' title='bbox 180 3372 232 3435; x_wconf 87' lang='lat' dir='ltr'>De</span> <span class='ocrx_word' id='word_1_220' title='bbox 247 3374 359 3457; x_wconf 84' lang='lat' dir='ltr'>pugnis</span> <span class='ocrx_word' id='word_1_221' title='bbox 373 3372 474 3437; x_wconf 86' lang='lat' dir='ltr'>dubiis</span> <span class='ocrx_word' id='word_1_222' title='bbox 488 3375 566 3437; x_wconf 89' lang='lat' dir='ltr'>inter</span> <span class='ocrx_word' id='word_1_223' title='bbox 581 3374 663 3437; x_wconf 91' lang='lat' dir='ltr'>Loth</span> <span class='ocrx_word' id='word_1_224' title='bbox 681 3375 710 3436; x_wconf 76' lang='lat' dir='ltr'>dr</span> <span class='ocrx_word' id='word_1_225' title='bbox 725 3378 866 3444; x_wconf 82' lang='lat' dir='ltr'>Saxones.</span> <span class='ocrx_word' id='word_1_226' title='bbox 980 3368 983 3375; x_wconf 80' lang='grc'><strong>’</strong></span> <span class='ocrx_word' id='word_1_227' title='bbox 1197 3424 1199 3429; x_wconf 92' lang='grc'>.</span> 
     </span>
    </p>

    <p class='ocr_par' dir='ltr' id='par_1_14' title="bbox 225 3457 1348 3546">
     <span class='ocr_line' id='line_1_33' title="bbox 225 3457 1348 3546; baseline 0.003 -24"><span class='ocrx_word' id='word_1_228' title='bbox 225 3462 313 3522; x_wconf 91' lang='lat' dir='ltr'>Intra</span> <span class='ocrx_word' id='word_1_229' title='bbox 325 3457 424 3543; x_wconf 87' lang='lat' dir='ltr'>polito</span> <span class='ocrx_word' id='word_1_230' title='bbox 433 3462 535 3545; x_wconf 87' lang='lat' dir='ltr'>itaque</span> <span class='ocrx_word' id='word_1_231' title='bbox 545 3482 616 3546; x_wconf 87' lang='lat' dir='ltr'>rege</span> <span class='ocrx_word' id='word_1_232' title='bbox 629 3462 833 3525; x_wconf 85' lang='lat' dir='ltr'>Verulamium</span> <span class='ocrx_word' id='word_1_233' title='bbox 848 3471 1058 3543; x_wconf 80' lang='lat' dir='ltr'>perrexeruut,</span> <span class='ocrx_word' id='word_1_234' title='bbox 1068 3460 1120 3528; x_wconf 88' lang='lat' dir='ltr'>ubi</span> <span class='ocrx_word' id='word_1_235' title='bbox 1132 3480 1207 3546; x_wconf 81' lang='lat' dir='ltr'>prae·</span> <span class='ocrx_word' id='word_1_236' title='bbox 1215 3472 1348 3525; x_wconf 75' lang='lat' dir='ltr'>Verolami·</span> 
     </span>
    </p>
   </div>
   <div class='ocr_carea' id='block_1_6' title="bbox 180 3542 1369 3699">
    <p class='ocr_par' dir='ltr' id='par_1_15' title="bbox 180 3542 1369 3699">
     <span class='ocr_line' id='line_1_34' title="bbox 180 3542 1369 3699; baseline -0.008 -87"><span class='ocrx_word' id='word_1_237' title='bbox 180 3545 257 3612; x_wconf 75' lang='lat' dir='ltr'>dieti</span> <span class='ocrx_word' id='word_1_238' title='bbox 271 3550 405 3614; x_wconf 80' lang='lat' dir='ltr'>Saxones</span> <span class='ocrx_word' id='word_1_239' title='bbox 419 3544 588 3613; x_wconf 75' lang='lat' dir='ltr'>nnivnsum</span> <span class='ocrx_word' id='word_1_240' title='bbox 605 3549 751 3638; x_wconf 87' lang='lat' dir='ltr'>pupulum</span> <span class='ocrx_word' id='word_1_241' title='bbox 765 3545 944 3699; x_wconf 52' lang='lat' dir='ltr'>affl&#39;pebant.</span> <span class='ocrx_word' id='word_1_242' title='bbox 1216 3558 1258 3589; x_wconf 73' lang='lat'>¹³¹¹</span> <span class='ocrx_word' id='word_1_243' title='bbox 1268 3542 1369 3589; x_wconf 53' lang='lat'>³¹³⁰&amp;</span> 
     </span>
    </p>
   </div>
   <div class='ocr_carea' id='block_1_7' title="bbox 226 3604 1457 3738">
    <p class='ocr_par' dir='ltr' id='par_1_16' title="bbox 226 3604 1457 3738">
     <span class='ocr_line' id='line_1_35' title="bbox 226 3604 1457 3738; baseline 0.009 -40"><span class='ocrx_word' id='word_1_244' title='bbox 226 3638 369 3718; x_wconf 88' lang='lat' dir='ltr'>Cumque</span> <span class='ocrx_word' id='word_1_245' title='bbox 394 3634 493 3699; x_wconf 78' lang='lat' dir='ltr'>edoni</span> <span class='ocrx_word' id='word_1_246' title='bbox 514 3636 603 3700; x_wconf 82' lang='lat' dir='ltr'>essent</span> <span class='ocrx_word' id='word_1_247' title='bbox 618 3637 695 3700; x_wconf 78' lang='lat' dir='ltr'>osta</span> <span class='ocrx_word' id='word_1_248' title='bbox 718 3638 748 3699; x_wconf 80' lang='lat' dir='ltr'>a</span> <span class='ocrx_word' id='word_1_249' title='bbox 768 3639 842 3699; x_wconf 89' lang='lat' dir='ltr'>Coa</span> <span class='ocrx_word' id='word_1_250' title='bbox 856 3636 1017 3699; x_wconf 88' lang='lat' dir='ltr'>adventum</span> <span class='ocrx_word' id='word_1_251' title='bbox 1039 3604 1379 3738; x_wconf 43' lang='grc' dir='ltr'>Βτίτοῃιιωέζρξζῖζω</span> <span class='ocrx_word' id='word_1_252' title='bbox 1452 3656 1457 3665; x_wconf 83' lang='grc'>’</span> 
     </span>
    </p>
   </div>
   <div class='ocr_carea' id='block_1_8' title="bbox 174 3716 1370 4519">
    <p class='ocr_par' dir='ltr' id='par_1_17' title="bbox 174 3716 1370 4519">
     <span class='ocr_line' id='line_1_36' title="bbox 180 3716 1206 3810; baseline 0.002 -23"><span class='ocrx_word' id='word_1_253' title='bbox 180 3742 345 3810; x_wconf 84' lang='lat' dir='ltr'>regemque</span> <span class='ocrx_word' id='word_1_254' title='bbox 357 3724 389 3785; x_wconf 90' lang='lat' dir='ltr'>in</span> <span class='ocrx_word' id='word_1_255' title='bbox 409 3716 520 3787; x_wconf 88' lang='lat' dir='ltr'>seretro</span> <span class='ocrx_word' id='word_1_256' title='bbox 540 3723 717 3801; x_wconf 78' lang='lat' dir='ltr'>addustum,</span> <span class='ocrx_word' id='word_1_257' title='bbox 740 3723 893 3807; x_wconf 88' lang='lat' dir='ltr'>dedignati</span> <span class='ocrx_word' id='word_1_258' title='bbox 908 3718 975 3785; x_wconf 89' lang='lat' dir='ltr'>snut</span> <span class='ocrx_word' id='word_1_259' title='bbox 986 3719 1059 3786; x_wconf 85' lang='lat' dir='ltr'>&#39;eum</span> <span class='ocrx_word' id='word_1_260' title='bbox 1077 3744 1113 3787; x_wconf 91' lang='lat' dir='ltr'>eo</span> <span class='ocrx_word' id='word_1_261' title='bbox 1128 3744 1206 3807; x_wconf 89' lang='lat' dir='ltr'>proe·</span> 
     </span>
     <span class='ocr_line' id='line_1_37' title="bbox 180 3808 1208 3903; baseline 0.002 -29"><span class='ocrx_word' id='word_1_262' title='bbox 180 3810 563 3903; x_wconf 62' lang='lat' dir='ltr'>liml,quiaiuueh1culo</span> <span class='ocrx_word' id='word_1_263' title='bbox 585 3811 752 3880; x_wconf 79' lang='lat' dir='ltr'>advenerat.</span> <span class='ocrx_word' id='word_1_264' title='bbox 796 3811 932 3875; x_wconf 83' lang='lat' dir='ltr'>A&#39;r&#39;ebant</span> <span class='ocrx_word' id='word_1_265' title='bbox 958 3808 1088 3875; x_wconf 70' lang='lat' dir='ltr'>lenim‘*</span> <span class='ocrx_word' id='word_1_266' title='bbox 1109 3810 1208 3897; x_wconf 84' lang='lat' dir='ltr'>ipsum</span> 
     </span>
     <span class='ocr_line' id='line_1_38' title="bbox 179 3894 1312 3985; baseline -0.002 -24"><span class='ocrx_word' id='word_1_267' title='bbox 179 3894 409 3966; x_wconf 89' lang='lat' dir='ltr'>semimortuum</span> <span class='ocrx_word' id='word_1_268' title='bbox 428 3897 494 3975; x_wconf 83' lang='lat' dir='ltr'>esse,</span> <span class='ocrx_word' id='word_1_269' title='bbox 516 3918 570 3962; x_wconf 87' lang='lat' dir='ltr'>nec</span> <span class='ocrx_word' id='word_1_270' title='bbox 585 3913 683 3963; x_wconf 91' lang='lat' dir='ltr'>tantos</span> <span class='ocrx_word' id='word_1_271' title='bbox 696 3900 776 3962; x_wconf 89' lang='lat' dir='ltr'>viros</span> <span class='ocrx_word' id='word_1_272' title='bbox 786 3918 856 3961; x_wconf 92' lang='lat' dir='ltr'>cum</span> <span class='ocrx_word' id='word_1_273' title='bbox 871 3898 924 3961; x_wconf 88' lang='lat' dir='ltr'>illo</span> <span class='ocrx_word' id='word_1_274' title='bbox 938 3897 1058 3963; x_wconf 87' lang='lat' dir='ltr'>humine</span> <span class='ocrx_word' id='word_1_275' title='bbox 1072 3908 1312 3985; x_wconf 62' lang='lat' dir='ltr'>pugnaremu-</span> 
     </span>
     <span class='ocr_line' id='line_1_39' title="bbox 179 3977 1370 4071; baseline 0.003 -22"><span class='ocrx_word' id='word_1_276' title='bbox 179 3986 298 4051; x_wconf 82' lang='lat' dir='ltr'>decere·</span> <span class='ocrx_word' id='word_1_277' title='bbox 342 3989 532 4069; x_wconf 86' lang='lat' dir='ltr'>Receperunt</span> <span class='ocrx_word' id='word_1_278' title='bbox 546 3982 719 4071; x_wconf 86' lang='lat' dir='ltr'>itaquesese</span> <span class='ocrx_word' id='word_1_279' title='bbox 739 3988 815 4051; x_wconf 90' lang='lat' dir='ltr'>intra</span> <span class='ocrx_word' id='word_1_280' title='bbox 828 3985 947 4064; x_wconf 86' lang='lat' dir='ltr'>urbem,</span> <span class='ocrx_word' id='word_1_281' title='bbox 969 3986 1108 4055; x_wconf 81' lang='lat' dir='ltr'>&amp;valvas</span> <span class='ocrx_word' id='word_1_282' title='bbox 1122 3987 1206 4071; x_wconf 83' lang='lat' dir='ltr'>quast</span> <span class='ocrx_word' id='word_1_283' title='bbox 1214 3977 1301 4027; x_wconf 77' lang='lat' dir='ltr'>mium.</span> <span class='ocrx_word' id='word_1_284' title='bbox 1366 3990 1370 3999; x_wconf 85' lang='lat'>&#39;</span> 
     </span>
     <span class='ocr_line' id='line_1_40' title="bbox 177 4070 1364 4159; baseline 0.001 -22"><span class='ocrx_word' id='word_1_285' title='bbox 177 4074 257 4137; x_wconf 89' lang='lat' dir='ltr'>nlhil</span> <span class='ocrx_word' id='word_1_286' title='bbox 274 4074 409 4136; x_wconf 85' lang='lat' dir='ltr'>timentes</span> <span class='ocrx_word' id='word_1_287' title='bbox 423 4070 614 4138; x_wconf 83' lang='lat' dir='ltr'>desemetunt</span> <span class='ocrx_word' id='word_1_288' title='bbox 629 4090 756 4159; x_wconf 81' lang='lat' dir='ltr'>apertas.</span> <span class='ocrx_word' id='word_1_289' title='bbox 1311 4088 1314 4095; x_wconf 90' lang='lat'>&#39;</span> <span class='ocrx_word' id='word_1_290' title='bbox 1360 4088 1364 4097; x_wconf 85' lang='lat'>&#39;</span> 
     </span>
     <span class='ocr_line' id='line_1_41' title="bbox 223 4157 1322 4247; baseline -0.001 -24"><span class='ocrx_word' id='word_1_291' title='bbox 223 4164 268 4223; x_wconf 84' lang='lat' dir='ltr'>At</span> <span class='ocrx_word' id='word_1_292' title='bbox 282 4164 414 4225; x_wconf 79' lang='lat' dir='ltr'>Saxones</span> <span class='ocrx_word' id='word_1_293' title='bbox 426 4180 496 4225; x_wconf 91' lang='lat' dir='ltr'>cnm</span> <span class='ocrx_word' id='word_1_294' title='bbox 512 4160 697 4247; x_wconf 80' lang='lat' dir='ltr'>inspexissent</span> <span class='ocrx_word' id='word_1_295' title='bbox 710 4158 877 4247; x_wconf 88' lang='lat' dir='ltr'>superbiam</span> <span class='ocrx_word' id='word_1_296' title='bbox 891 4157 973 4224; x_wconf 91' lang='lat' dir='ltr'>snam</span> <span class='ocrx_word' id='word_1_297' title='bbox 991 4158 1045 4225; x_wconf 87' lang='lat' dir='ltr'>srbi</span> <span class='ocrx_word' id='word_1_298' title='bbox 1064 4162 1203 4239; x_wconf 81' lang='lat' dir='ltr'>nocuisse,</span> <span class='ocrx_word' id='word_1_299' title='bbox 1212 4166 1268 4230; x_wconf 75' lang='lat' dir='ltr'>uag.</span> <span class='ocrx_word' id='word_1_300' title='bbox 1282 4177 1322 4225; x_wconf 73' lang='lat' dir='ltr'>aa·</span> 
     </span>
     <span class='ocr_line' id='line_1_42' title="bbox 177 4244 1204 4334; baseline 0.006 -24"><span class='ocrx_word' id='word_1_301' title='bbox 177 4250 319 4311; x_wconf 87' lang='lat' dir='ltr'>Britones</span> <span class='ocrx_word' id='word_1_302' title='bbox 333 4268 405 4312; x_wconf 85' lang='lat' dir='ltr'>vero</span> <span class='ocrx_word' id='word_1_303' title='bbox 426 4244 487 4312; x_wconf 88' lang='lat' dir='ltr'>sere</span> <span class='ocrx_word' id='word_1_304' title='bbox 509 4247 711 4333; x_wconf 84' lang='lat' dir='ltr'>triumphasse,</span> <span class='ocrx_word' id='word_1_305' title='bbox 733 4246 954 4334; x_wconf 86' lang='lat' dir='ltr'>proposuerunt</span> <span class='ocrx_word' id='word_1_306' title='bbox 975 4267 1044 4313; x_wconf 88' lang='lat' dir='ltr'>cnm</span> <span class='ocrx_word' id='word_1_307' title='bbox 1068 4250 1204 4316; x_wconf 89' lang='lat' dir='ltr'>diluculo</span> 
     </span>
     <span class='ocr_line' id='line_1_43' title="bbox 174 4332 1158 4431; baseline 0.005 -32"><span class='ocrx_word' id='word_1_308' title='bbox 174 4334 304 4425; x_wconf 61' lang='lat' dir='ltr'>egredi„</span> <span class='ocrx_word' id='word_1_309' title='bbox 316 4332 508 4431; x_wconf 90' lang='lat' dir='ltr'>inimicosque</span> <span class='ocrx_word' id='word_1_310' title='bbox 525 4334 593 4401; x_wconf 93' lang='lat' dir='ltr'>suos</span> <span class='ocrx_word' id='word_1_311' title='bbox 607 4336 646 4399; x_wconf 91' lang='lat' dir='ltr'>ad</span> <span class='ocrx_word' id='word_1_312' title='bbox 660 4335 818 4420; x_wconf 81' lang='lat' dir='ltr'>campestre</span> <span class='ocrx_word' id='word_1_313' title='bbox 833 4336 972 4419; x_wconf 89' lang='lat' dir='ltr'>proelium</span> <span class='ocrx_word' id='word_1_314' title='bbox 987 4337 1158 4423; x_wconf 69' lang='lat' dir='ltr'>provocarel</span> 
     </span>
     <span class='ocr_line' id='line_1_44' title="bbox 223 4421 1223 4519; baseline 0.005 -33"><span class='ocrx_word' id='word_1_315' title='bbox 223 4421 387 4501; x_wconf 84' lang='lat' dir='ltr'>Postremo,</span> <span class='ocrx_word' id='word_1_316' title='bbox 400 4444 470 4487; x_wconf 86' lang='lat' dir='ltr'>cum</span> <span class='ocrx_word' id='word_1_317' title='bbox 484 4424 614 4496; x_wconf 76' lang='lat' dir='ltr'>mltum</span> <span class='ocrx_word' id='word_1_318' title='bbox 628 4425 808 4509; x_wconf 88' lang='lat' dir='ltr'>praeteriisset</span> <span class='ocrx_word' id='word_1_319' title='bbox 819 4424 888 4502; x_wconf 89' lang='lat' dir='ltr'>diei,</span> <span class='ocrx_word' id='word_1_320' title='bbox 910 4423 1127 4496; x_wconf 72' lang='lat' dir='ltr'>ceturvietorta</span> <span class='ocrx_word' id='word_1_321' title='bbox 1140 4428 1204 4519; x_wconf 82' lang='lat' dir='ltr'>regi</span> <span class='ocrx_word' id='word_1_322' title='bbox 1221 4450 1223 4457; x_wconf 67' lang='grc'>’</span> 
     </span>
    </p>
   </div>
   <div class='ocr_carea' id='block_1_9' title="bbox 225 4601 1222 4747">
    <p class='ocr_par' dir='ltr' id='par_1_18' title="bbox 225 4601 1222 4747">
     <span class='ocr_line' id='line_1_45' title="bbox 407 4601 1222 4689; baseline 0.009 -37"><span class='ocrx_word' id='word_1_323' title='bbox 407 4601 682 4673; x_wconf 74' lang='lat' dir='ltr'>addjeaieaimprrffls.</span> <span class='ocrx_word' id='word_1_324' title='bbox 781 4603 976 4674; x_wconf 75' lang='lat' dir='ltr'>lErrinrpreffit.</span> <span class='ocrx_word' id='word_1_325' title='bbox 1145 4674 1153 4689; x_wconf 92' lang='lat'>.</span> <span class='ocrx_word' id='word_1_326' title='bbox 1217 4630 1222 4641; x_wconf 92' lang='lat'>·</span> 
     </span>
     <span class='ocr_line' id='line_1_46' title="bbox 225 4670 1202 4747; baseline 0.005 -13"><span class='ocrx_word' id='word_1_327' title='bbox 225 4670 326 4735; x_wconf 82' lang='lat' dir='ltr'>Tuta.</span> <span class='ocrx_word' id='word_1_328' title='bbox 339 4671 382 4735; x_wconf 89' lang='lat'>11.</span> <span class='ocrx_word' id='word_1_329' title='bbox 731 4672 760 4740; x_wconf 84' lang='grc' dir='ltr'>Ε</span> <span class='ocrx_word' id='word_1_330' title='bbox 1052 4742 1054 4747; x_wconf 71' lang='grc'>,</span> <span class='ocrx_word' id='word_1_331' title='bbox 1103 4676 1202 4739; x_wconf 87' lang='lat' dir='ltr'>Brrto-</span> 
     </span>
    </p>
   </div>
   <div class='ocr_carea' id='block_1_10' title="bbox 0 0 1700 5300">
    <p class='ocr_par' dir='ltr' id='par_1_19' title="bbox 0 0 1700 5300">
     <span class='ocr_line' id='line_1_47' title="bbox 0 0 1700 5300; baseline 0 8"><span class='ocrx_word' id='word_1_332' title='bbox 0 0 1700 5300; x_wconf 95' lang='lat' dir='ltr'> </span> 
     </span>
    </p>
   </div>
  </div>
 </body>
</html>
