3392 5300
385 458 428 522 88
682 458 985 536 JOANNIS
1040 452 1360 525 LELANDI

506 590 705 655 &nobilitate
720 608 805 655 tenus
820 594 852 655 in
867 591 1039 668 Sudwallia,
1063 614 1154 677 quam
1169 592 1292 655 Cambri
1305 595 1343 657 de
1363 594 1513 672 Henbaltlr,

506 682 528 745 i.
543 702 570 743 e.
585 678 748 742 dextralem
764 680 879 742 Walliae
895 696 1022 763 partem,
1040 697 1156 756 vocant,
1180 678 1234 743 sub
1249 702 1318 765 rege
1334 684 1513 766 principante,
1549 696 1555 709 “

506 770 565 831 &o
609 768 724 831 Ibidem
751 767 788 831 de
817 769 922 830 avibus
949 767 1030 829 lacus
1056 728 1283 842 Btach'anienfis,
1318 789 1387 853 quae
1414 786 1515 833 tantum

403 858 407 864 '
505 870 647 935 cantantj
641 855 763 918 ubente
778 876 858 929 vero,
875 857 905 917 8<
920 855 1055 928 naturali,
1072 857 1216 919 Demetiae
1232 859 1375 939 principe,
1399 858 1428 919 td
1442 861 1514 942 quod

504 943 640 1006 fecerunt
658 943 948 1025 jubenteGriphIno
967 942 1032 1006 filio
1047 943 1147 1018 Rhesi,
1172 942 1310 1026 praesente
1325 945 1447 1020 Milcne,
1468 947 1514 1007 do·

503 1051 587 1094 mrno
601 1032 782 1104 Brachanrae
807 1032 980 1113 &Pagano,
1005 1032 1127 1093 dommo
1142 1031 1178 1093 de
1193 1033 1301 1096 Ewras
1347 1031 1434 1094 Plura
1448 1053 1513 1117 quo

505 1139 565 1203 que
578 1119 689 1181 ibidem
705 1118 742 1179 de
756 1118 941 1180 mirabilibus
957 1119 1047 1199 hujus
1062 1119 1143 1181 lacus
1158 1118 1299 1180 Giraldus
1314 1136 1422 1182 narrat.

548 1209 690 1269 Praeterea
705 1205 858 1267 montibus
874 1202 1004 1282 excelsrs,
1029 1222 1223 1289 praeterquam
1239 1229 1256 1267 a
1242 1205 1370 1282 borea,
1394 1208 1453 1272 haec
1465 1232 1514 1272 un·

504 1295 595 1375 dique
611 1308 687 1355 terra
703 1292 903 1356 concluditur.
949 1298 976 1353 A
1000 1295 1129 1375 Zephiro
1144 1310 1284 1355 montana
1306 1295 1343 1356 de
1365 1297 1513 1359 Cantetbo
1559 1295 1560 1300 ’

503 1384 590 1454 chan,
613 1382 649 1443 ab
664 1378 774 1442 Austro
796 1396 911 1448 montes
929 1380 1040 1445 habens
1059 1382 1275 1456 Meridionales,
1299 1402 1429 1464 quorum
1444 1387 1512 1467 prin·
1559 1393 1560 1398 ’

504 1468 605 1572 cipalis
621 1468 1037 1543 CaerArtlrurdicitur,i..e
1057 1468 1183 1531 castrum
1199 1472 1313 1544 Artori,
1338 1487 1457 1552 propter
1469 1493 1511 1555 ge

503 1558 584 1619 mina
609 1556 803 1659 promontorii
818 1556 969 1619 cacumina
984 1557 1015 1618 in
1036 1555 1120 1619 castri
1135 1555 1258 1619 modum
1279 1552 1308 1617 se
1333 1554 1511 1640 praeferentia.

503 1648 544 1705 Et
569 1646 711 1725 quoniam
735 1644 766 1705 in
791 1643 852 1705 alto
878 1644 1019 1706 cathedra
1044 1644 1073 1705 &
1094 1644 1188 1706 arduo
1210 1643 1262 1704 sita
1283 1642 1335 1718 esl,
1363 1643 1513 1724 summo&
1559 1667 1560 1734 j

502 1733 635 1796 maximo
657 1733 814 1793 Britonum
837 1734 900 1813 regi
923 1736 1037 1794 Arturo
1051 1732 1167 1815 vulgari
1183 1734 1402 1813 nuncupatione
1422 1717 1513 1798 ettal-

503 1818 628 1921 signata.
672 1823 708 1881 ln
731 1818 813 1880 excel
802 1814 845 1880 lso
860 1822 968 1881 montis
989 1821 1041 1899 huj
1046 1840 1079 1880 us
1096 1821 1205 1881 vertice
1226 1816 1316 1881 sontis
1338 1821 1444 1883 ebullit
1463 1820 1513 1884 sca·

506 1910 614 1989 turigo.
650 1906 701 1969 Est
715 1924 814 1969 autem
829 1904 915 1968 sons
908 1928 938 1968 ιιι
954 1910 1037 1988 putei
1028 1842 1171 1969 Jmodum
1184 1906 1271 1981 altus,
1288 1903 1335 1968 sed
1350 1910 1513 1990 quadratus,

503 1996 621 2059 nullum
636 2015 674 2057 ex
696 1991 725 2056 se
740 1993 871 2055 rivulum
886 1991 1037 2068 faciens,
1029 2016 1062 2057 ιιι
1078 2016 1141 2077 quo
1157 2011 1252 2057 tamen
1268 1995 1298 2055 8<
1314 2010 1417 2057 turtrae
1430 2018 1511 2100 quan·

503 2082 616 2165 doque,
632 2098 667 2144 ut
681 2080 786 2155 fertur,
800 2077 868 2143 sunt
878 2097 1011 2163 repertae.
1044 2085 1121 2143 His'
1115 2084 1205 2165 agitur
1216 2080 1376 2145 obstaculis
1391 2083 1426 2145 ad
1438 2086 1512 2147 meti·
1559 2089 1560 2092 ’

502 2169 580 2232 diem
599 2168 751 2253 opposrtis,
776 2167 950 2233 aPhoebeio
964 2170 1088 2252 patriam
1103 2167 1218 2233 servore
1235 2167 1373 2252 frigidior
1388 2192 1456 2233 aura
1470 2173 1513 2234 de·

501 2256 610 2333 sendit,
644 2260 672 2320 8<
699 2256 783 2319 insrta
811 2257 942 2339 quadam
966 2259 1041 2319 aeris
1069 2254 1234 2320 salubritate
1260 2260 1513 2339 temperatiffrmatu

502 2345 611 2408 reddit.
656 2346 707 2410 Ab
723 2348 805 2408 Euro
820 2366 890 2407 vero
909 2344 947 2408 de
964 2345 1099 2429 Thalgar
1120 2346 1150 2409 dc
1174 2347 1270 2407 Ewias
1291 2362 1430 2409 montana
1450 2368 1514 2432 pra*

502 2434 609 2497 tendit.

547 2522 611 2582 Stat
630 2536 729 2582 autem
752 2522 783 2582 in
797 2519 872 2583 valle
886 2519 925 2582 de
946 2520 1045 2582 Ewias
1059 2519 1293 2602 profundissima,
1316 2539 1460 2603 qnantum
1479 2521 1514 2586 se·

501 2608 585 2712 gittae
599 2606 640 2670 est
651 2607 748 2688 jutus
769 2624 861 2671 aarcu
877 2624 921 2671 ter
940 2606 1037 2684 mitta,
1061 2609 1213 2672 montibus
1228 2609 1361 2672 aethereis
1375 2611 1514 2676 orbicula·

501 2699 571 2758 riter
586 2696 727 2779 undique
735 2695 879 2772 conclusa,
903 2697 1022 2759 ecclesia
1036 2700 1066 2759 S
1079 2699 1199 2774 Joannis
1212 2695 1361 2780 Baptistae,
1378 2700 1518 2783 plumbeis

499 2783 616 2850 lamtnrs
627 2801 738 2867 operta
754 2779 932 2866 laprdeoque
946 2785 1095 2858 tabulatu
1118 2806 1173 2868 pro
1188 2786 1245 2848 loci
1261 2803 1378 2860 natura,
1402 2808 1463 2851 non
1477 2809 1517 2850 ιιι
1559 2850 1560 2853 ,

501 2872 638 2934 decenter
653 2870 830 2946 extruua,
822 2893 854 2934 ιιι
868 2872 945 2947 loco,
968 2872 1111 2947 videlicet,
1136 2874 1188 2935 ubi
1204 2873 1380 2956 paupercula
1394 2878 1517 2958 priusS.

502 2955 601 3021 David
627 2921 832 3044 ardriepiscdpi
855 2960 969 3044 capella
992 2959 1120 3035 steterat,
1143 2957 1245 3023 musco
1270 2957 1399 3042 sylvestri
1417 2960 1519 3040 solnm,

500 3047 531 3110 δι
546 3047 661 3110 hederae
675 3049 812 3123 nexibus,
835 3048 988 3112 adornata.
1034 3051 1118 3111 Verae
1133 3047 1269 3132 religioni
1284 3050 1367 3113 locus
1387 3049 1519 3126 idoneus,

500 3135 529 3194 δι
552 3137 701 3198 canonicae
723 3133 895 3218 disciplinae,
927 3156 988 3218 prae
1010 3136 1194 3198 cunslisins
1179 3134 1247 3198 sulae
1270 3139 1445 3200 Britannicae
1465 3161 1521 3202 coe·

499 3221 607 3299 nobiis,
631 3223 923 3324 competentiffimus,
946 3222 1095 3285 aduobus
1111 3225 1269 3298 heremitis,
1292 3226 1321 3286 in
1339 3223 1519 3290 hon'orems.

499 3307 660 3386 heremitae,
675 3311 770 3394 primo
780 3308 936 3387 snndatus,
953 3312 991 3373 ab
1002 3332 1083 3374 omnr
1075 3311 1230 3394 populari
1243 3310 1408 3395 strepitum
1421 3314 1523 3378 solitu

500 3395 568 3460 dine
593 3399 722 3483 quadam
744 3399 833 3484 longe
857 3414 998 3475 remotus,
1021 3396 1108 3482 super
1133 3399 1258 3462 fluvium
1283 3421 1335 3481 per
1356 3403 1475 3465 vallis
1468 3424 1523 3466 rma

499 3481 680 3550 lambentem
705 3485 788 3550 sttus.
833 3488 922 3550 Unde
949 3489 978 3552 δι
1004 3488 1042 3549 ab
1064 3487 1182 3549 Hodeni
1204 3487 1380 3550 Lanhodeni
1409 3491 1522 3553 distus.

498 3575 563 3636 Lan
586 3576 665 3638 enim
690 3574 816 3651 eeclesia,
840 3575 921 3637 locus
946 3571 1035 3636 facies
1051 3575 1168 3637 dicitur.
1213 3575 1398 3660 Exquisrtius
1423 3595 1522 3640 tamen

423 3731 425 3736 ,
498 3662 559 3723 dici
579 3661 682 3741 potest,
706 3663 788 3746 quod
804 3665 923 3745 propria
937 3662 994 3724 loci
1012 3662 1092 3725 illins
1106 3666 1290 3745 nuncupatio
1310 3665 1471 3729 Cambrice
1484 3663 1524 3727 est

497 3749 699 3812 Nanthodeni.
745 3753 826 3812 Na‘nt
849 3751 959 3812 etenim
985 3750 1093 3812 dicitur
1116 3753 1197 3813 rivus
1219 3771 1304 3833 aquae
1325 3754 1523 3818 decurrentis.

497 3835 586 3900 Unde
610 3835 640 3898 δι
660 3834 752 3921 usque
768 3837 856 3898 hodie
878 3838 917 3899 ab
939 3838 1042 3900 accolis
1061 3839 1145 3900 locus
1167 3837 1219 3900 isle
1239 3839 1342 3922 lingua
1361 3844 1524 3904 Cambrica

497 3925 642 3986 Landewi
665 3941 736 3987 nant
751 3925 872 3999 hodeni,
895 3924 953 3987 hoc
968 3923 1020 4000 est,
1043 3927 1160 3988 ecclesra
1185 3929 1284 3988 David
1310 3926 1395 4010 super
1419 3928 1525 3992 Hode-

497 4033 570 4076 num
586 4011 640 4074 ιιιι.
679 4016 829 4095 Corrupte
848 4015 942 4097 igitur
956 4014 1046 4096 Angli
1062 4014 1258 4076 Lanhodheni
1273 4014 1388 4080 dicunt.

369 4109 476 4176 ragen-
541 4103 626 4164 Verae
651 4101 733 4163 locus
755 4101 997 4182 contemplationi
1019 4101 1153 4176 idoneus,
1177 4102 1260 4164 loeus
1277 4102 1358 4177 felix,
1382 4105 1413 4166 dr
1430 4122 1523 4166 amoe·

497 4199 565 4263 nus,
589 4189 695 4251 locus
687 4211 702 4252 a
717 4189 857 4272 primaeva
869 4186 1049 4251 institutione
1063 4187 1117 4252 fibi
1132 4188 1287 4265 sufficiens,
1304 4191 1332 4254 δι
1347 4153 1524 4264 soecundus,

452 4283 475 4366 q
498 4274 561 4351 nisr,
584 4277 625 4340 ob
650 4276 807 4359 Anglicani
830 4276 921 4339 luxus
946 4276 1138 4379 opulentiam,
1162 4279 1191 4340 &
1213 4277 1300 4361 lautae
1323 4279 1432 4343 mensae
1459 4277 1526 4360 glo·

498 4365 581 4437 tiam,
605 4361 756 4426 ambitiosa
771 4363 925 4446 quadam
918 4367 1151 4446 intemperantia,
1174 4367 1246 4427 vitio
1259 4388 1381 4450 quoque
1396 4365 1526 4450 ingrati·

498 4451 619 4531 tudinis
633 4448 858 4532 invalescente,
851 4473 882 4516 ιιι
897 4449 1076 4529 servitutem,
1098 4473 1167 4536 quae
1181 4454 1274 4521 libera
1287 4454 1393 4535 suerat,
1417 4453 1525 4540 praela·

887 4581 901 4612 a
917 4562 983 4617 arcu
993 4561 1077 4616 emillae
1087 4564 1122 4615 al.

1424 4645 1529 4719 totum
