3392 5300
290 412 644 509 surranum-1
687 412 1115 489 connecrnnna.
1299 436 1361 503 atr

200 560 255 629 mis
267 558 449 637 inlirusiam,
473 555 590 619 decoris
611 552 710 626 armis,
733 548 894 634 elesiisque
907 553 1061 637 osioginta
1075 548 1223 617 militibus

200 652 376 715 decoratam.
388 634 541 731 *Qorum
550 637 755 721 unusquisque
763 641 893 703 habebat
905 642 935 703 in
947 639 1004 703 luis
1014 640 1223 704 brachiis'duas

202 754 300 801 aureas
313 734 452 807 armillas,
477 729 623 793 sexdecim
641 726 743 791 uncias
763 728 932 810 pendentes,
956 727 1081 791 loricam
1099 728 1224 791 trilicem

202 824 356 898 indutam,
381 822 411 884 in
422 820 519 903 capite
530 816 802 896 callidemexparte
815 814 1009 891 deauratum
1025 814 1159 899 gladium
1172 815 1224 875 de-

192 912 307 975 ?auratis
321 909 435 992 capulis
455 906 578 969 renibus
597 900 804 976 suceinsium3
830 904 974 967 Danicam
993 900 1126 979 securim,
1150 922 1224 963 auro

201 1011 384 1079 argentoque
398 992 579 1067 redimitam,
602 994 633 1054 in
649 987 762 1052 finistro
776 991 904 1059 humero
916 992 1105 1073 pendentem.
1139 993 1174 1051 ln
1187 988 1223 1051 sr-
1245 985 1300 1051 Pag.
1313 1000 1369 1041 2⁷¹·
1426 1044 1427 1047 ,

200 1084 289 1150 nistra
305 1128 447 1149 .....
463 1081 614 1165 clypeum,
629 1080 714 1159 cujus
728 1078 823 1140 umbo
835 1077 972 1162 clavique
982 1095 1066 1141 etant
1080 1078 1224 1140 deaurati.

947 1194 958 1232 t

200 1257 233 1316 ln
249 1250 357 1317 dextra
370 1252 511 1330 lanceam,
534 1273 605 1337 quae
619 1252 720 1334 lingua
735 1251 902 1335 Anglorum
916 1253 1031 1335 Acegar
1046 1252 1221 1335 appellatur.

200 1339 323 1426 Insuper
337 1344 426 1403 etiam
442 1363 501 1404 non
515 1338 559 1404 sui
574 1340 686 1405 consilii
699 1360 753 1401 nec
766 1340 926 1402 voluntatis
940 1338 1033 1415 fuisse,
1047 1342 1130 1422 quod
1142 1346 1151 1373 ¹
1164 1338 1223 1403 sra·
1237 1346 1246 1372 ¹
1260 1346 1375 1396 Alfredus

201 1444 244 1491 rer
258 1432 325 1511 ejus
344 1446 469 1491 caecatus
482 1427 589 1501 fuisset,
614 1426 662 1491 sed
685 1428 840 1490 dominum
856 1426 944 1491 suurn
958 1428 1124 1492 Haraldum
1138 1429 1222 1492 illum
1233 1428 1264 1525 ἒ(
1278 1424 1354 1523 Μῗ

198 1511 306 1591 facere,
330 1514 415 1600 quod
426 1514 507 1590 feeit,
527 1514 643 1594 jullilse,
668 1517 730 1599 regi
741 1517 863 1596 juravit.
1000 1594 1002 1599 ι
1233 1494 1380 1591 κ’ῐῃὲζζιῇῗ

240 1608 326 1668 Rom
339 1624 439 1669 comcs
454 1602 711 1688 Magesetensrum.
743 1620 746 1626 ’

463 1706 547 1787 Fuga
560 1699 747 1767 Wiccior'um
761 1702 799 1767 ab
813 1703 888 1766 urbe
899 1700 962 1767 sua.
1157 1770 1165 1779 .
1233 1708 1377 1785 rugaWic-

241 1813 363 1875 Civium
378 1830 450 1873 vero
463 1812 628 1895 multitudo
649 1812 678 1872 in
694 1812 843 1895 quandam
865 1811 1011 1875 modicam
1034 1811 1169 1889 insulam,
1192 1790 1334 1878 lucrorum.

193 1900 303 1963 'medio
319 1900 452 1961 Sabrinae
468 1898 519 1962 flu:
538 1900 631 1974 sitam,
652 1920 722 1984 quae
736 1903 882 1983 Beuerege
896 1916 1094 1983 nuncupatur,
1119 1901 1223 1965 consu·
1234 1906 1351 1980 ⁸Bererege
1440 1908 1441 1911 ’

196 2000 316 2071 gerant,
334 1987 373 2061 bc,
390 1987 554 2050 munitione
568 1986 662 2059 fassa,
680 2000 739 2047 tarn
754 1986 806 2047 diu
821 1985 849 2047 se
866 1986 987 2050 viriliter
1001 1986 1140 2051 adversus
1155 1992 1222 2052 suos
1232 1967 1359 2081 ffiis2¹2⁸²'

199 2076 334 2138 inimicos
346 2073 547 2151 defenderant,
570 2073 679 2159 quoad,
703 2094 775 2155 pace
794 2091 974 2157 recuperata,
997 2074 1087 2140 libere
1100 2078 1224 2141 domum

200 2163 305 2229 liceret
319 2160 361 2226 eis
375 2161 480 2225 redire.
691 2205 694 2222 .
1125 2198 1139 2233 a
1158 2178 1167 2207 r

488 2272 537 2333 De
552 2269 608 2331 hac
622 2290 654 2333 re
668 2271 818 2332 Marianus
833 2265 943 2333 scribit.

241 2374 361 2432 Interea
373 2373 489 2431 Suanus
500 2389 612 2442 comes,
628 2368 762 2430 Goduini
774 2367 892 2429 comitis
905 2369 932 2429 8(
945 2367 1043 2431 sichae
1055 2370 1142 2443 silius,
1159 2372 1223 2453 qui,
1278 2370 1281 2380 '

199 2457 303 2521 rellsta
326 2455 409 2538 plius
423 2455 545 2539 Anglla,
564 2476 602 2517 eo
620 2456 704 2539 quod
720 2454 855 2538 Egivam,
881 2456 1039 2545 Leonensrs
1060 2459 1225 2523 monasterii
1236 2457 1356 2507 ¹⁴0⁰¹¹⁶¹¹s⁸

191 2545 385 2617 abbatissam,
402 2564 495 2627 quarn
507 2560 690 2626 corruperat,
707 2545 736 2604 in
752 2544 977 2608 matrimonIum
994 2545 1102 2609 habere
1117 2569 1177 2610 non
1188 2550 1223 2610 li·
1234 2522 1351 2601 ”3⁰⁰³st*

200 2632 311 2709 cuerit,
334 2630 582 2695 Danemarchiam
596 2633 717 2707 adierat,
742 2631 865 2694 navibus
878 2631 948 2716 osio
962 2631 1060 2698 rediit.
1212 2644 1215 2652 ’
1234 2604 1307 2638 ‘¹³¹³'

246 2747 354 2799 linares
364 2746 477 2810 piraticae.
511 2744 609 2794 exulum
623 2743 758 2810 anglorum
771 2744 795 2792 dc
806 2747 942 2794 Danorum.

242 2816 325 2879 Aliae
344 2834 425 2888 vero,
449 2810 648 2891 Estsaxopiam
667 2811 848 2896 navigantes,
872 2813 972 2896 praeda
993 2815 1070 2876 circa
1084 2822 1224 2898 promon-

336 2921 357 2967 ο
906 2921 923 2965 λ,

199 2988 317 3052 torium
335 2987 488 3068 Eadulphi
508 3003 592 3069 rapta
615 3006 677 3049 non
699 2987 816 3049 modica
836 2987 1224 3066 redibant-*Marianus

199 3079 238 3140 de
253 3080 314 3138 hac
328 3096 359 3137 rc
373 3073 476 3138 lusrns.

224 3220 227 3225 ,
244 3163 389 3228 Siuardus
407 3162 639 3225 Dorobernensrs
654 3159 862 3244 archiepiscopi
877 3160 1093 3248 corepiscopus.
1236 3165 1371 3230 eorepisco
1473 3213 1476 3221 ,

243 3250 449 3316 Brisiowham
465 3266 577 3334 portus.
1234 3246 1287 3296 ⁹¹¹⁵·

404 3353 534 3416 Leofriei
548 3353 665 3418 comitis
679 3357 708 3416 81
722 3355 849 3418 Godivae
860 3349 1029 3420 liberalitas.

246 3449 401 3518 Leonense
414 3454 501 3514 etiam
520 3454 550 3513 dc
562 3451 793 3516 Wenlocauense
805 3455 991 3528 coenobium,
1009 3459 1039 3516 S.
1056 3477 1087 3538 qr
1104 3459 1225 3536 Joaunis

199 3539 340 3626 baptistas
354 3561 388 3602 ac
403 3544 452 3602 8²·
465 3541 659 3624 Wereburgae
673 3540 845 3604 monasteria
861 3545 891 3604 in
908 3541 1095 3625 Legeceastra
1111 3545 1172 3621 fita,
1197 3546 1227 3610 de

192 3629 365 3710 ecclesiam,
390 3648 481 3709 quam
497 3626 752 3690 Lindoeolnienfis
772 3627 875 3711 praesul
895 3633 1031 3692 Ednorus
1051 3633 1081 3694 in
1101 3631 1168 3696 loco
1181 3633 1225 3695 sa·

200 3715 297 3793 moso,
319 3717 374 3798 qui
385 3713 500 3777 Sanslae
514 3717 618 3776 Mariae
633 3719 717 3777 Stow
733 3720 866 3799 Anglice,
882 3721 985 3780 Latine
999 3739 1068 3782 vero
1081 3722 1111 3785 S.
1122 3723 1226 3788 Maria:

200 3804 297 3880 loeus,
320 3803 508 3886 appellatur,
518 3801 652 3885 pretiosis
666 3802 835 3867 ditaverunt
849 3803 1037 3870 ornamentis.

674 3912 725 3976 sup.
738 3913 895 3977 Griphinum.

248 3979 398 4044 Haraldus
419 3999 500 4053 uero,
524 3993 558 4040 ut
572 4001 644 4042 eum
661 3977 766 4062 fugisse
781 3983 935 4062 comperit,
960 3979 1104 4064 palatium
1125 3984 1364 4048 ince0.0astellum

202 4068 287 4141 dere,
312 4069 341 4130 &
356 4088 442 4130 naves
456 4069 520 4147 ejus
535 4089 604 4128 cum
619 4071 807 4130 armamentis
823 4069 904 4149 jullit
917 4070 1103 4152 comburere.
1237 4050 1390 4102 denudans

379 4154 385 4164 ,
578 4157 584 4170 ,
622 4157 636 4170 „
1239 4119 1267 4166 ab
1277 4115 1390 4179 Haraldo,

198 4236 204 4242 ἡ
249 4150 344 4218 Ursus
358 4175 522 4218 vicecomes
535 4159 730 4217 Wicciorum.
1238 4183 1278 4246 qut
1289 4180 1367 4245 postea

249 4261 313 4320 Odo,
323 4259 444 4324 episcopus
453 4259 591 4319 Baiocenfis,
598 4263 670 4310 frater
680 4261 886 4322 Gulieltscnioris,
896 4262 921 4310 in
930 4262 990 4312 Gnl:
998 4266 1090 4312 Rufum
1100 4265 1229 4330 conspirat.
1237 4247 1344 4362 {3532
1353 4246 1391 4295 h*

252 4328 435 4410 Relinquens
454 4327 674 4391 Rouecestriam
694 4351 764 4392 cum
786 4331 885 4413 paucis
906 4331 979 4393 adiit
996 4333 1152 4394 castellum.
1168 4331 1228 4395 fra·

204 4416 262 4480 tris
286 4412 330 4488 sui
351 4417 475 4478 Roberti
496 4415 713 4480 Moretunensrs
734 4419 862 4495 comitis,
885 4419 969 4502 quod
990 4417 1142 4487 Pereneser
1156 4421 1230 4484 dici·

204 4518 269 4567 tur.
316 4505 416 4566 Locus
433 4517 497 4567 erat
510 4502 729 4568 munitissimus.

1078 4595 1232 4680 Tempore
