3392 5300
659 212 701 240 *b

237 531 241 537 .
320 488 401 574 '85²'
656 450 1343 558 Jontru1sununnol

523 595 640 662 Eodem
663 614 743 661 anno
764 586 948 665 Alchmund,
971 586 1053 651 filius
1075 583 1199 679 Alcredi
1224 586 1314 672 regis,
1346 601 1383 653 ut
1409 586 1520 654 dicunt

478 725 616 810 quidam,
639 680 825 787 dtutoribud
846 713 985 780 Eardulfi
1007 712 1085 801 regis
1098 712 1141 779 est
1156 712 1366 799 apprehensus,
1390 715 1520 806 ejusque

473 800 1045 897 juffionecumsuisprosugisorcisus.
1564 824 1565 835 ¹

523 905 614 966 Anno
627 904 668 964 D.
693 902 770 961 801.
793 896 931 969 Edwine,
955 890 1009 974 qui
1030 890 1060 953 &
1083 888 1149 951 Eda
1168 892 1267 956 didius
1280 890 1332 969 est,
1356 894 1516 977 quondam

478 990 546 1055 dux
570 985 909 1058 Nordanhumbrorum‚
933 994 1007 1043 tunc
1028 994 1098 1041 vero
1122 1000 1175 1062 per
1201 984 1327 1067 gratiam
1354 981 1517 1047 Salvatoris

479 1078 586 1142 mundi
602 1076 703 1151 abbas,
727 1075 757 1135 in
777 1074 826 1137 dei
840 1069 956 1135 servitio
971 1066 1141 1144 roboratus,
1164 1072 1248 1133 velut
1262 1070 1344 1131 miles
1359 1072 1515 1146 emeritus,

315 1168 470 1237 oegenma
481 1167 562 1231 diem
582 1163 688 1228 clausit
710 1161 864 1224 ultimum.
910 1153 1049 1239 Sepultus
1068 1151 1111 1217 est
1133 1177 1258 1242 quoque
1280 1158 1312 1219 in
1336 1157 1518 1223 monasterio

313 1235 444 1289 'mmm
480 1254 546 1329 suo,
560 1252 647 1337 quod
661 1249 827 1333 appellatur
841 1243 898 1308 AEt
909 1239 1113 1325 Gegensorde‚
1129 1244 1294 1309 honorilice
1309 1246 1339 1309 in
1350 1243 1486 1310 ecclesia.
1565 1304 1566 1313 ,

475 1419 479 1423 .
524 1343 641 1422 Eodem
664 1358 742 1401 anno
768 1333 835 1421 post
856 1334 1003 1397 exercitus
1027 1346 1221 1415 congregatos
1248 1333 1412 1398 concordia
1435 1332 1517 1398 farta

478 1432 557 1495 inter
580 1423 770 1502 Eardnlfurn‚
793 1440 897 1509 regem
922 1418 1257 1501 Nordanhumbrorum‚
1280 1424 1311 1485 &
1333 1422 1514 1501 Kenulfum,

480 1518 738 1668 regdtddidiiracsrno
750 1593 957 1671 Hathuberth,
980 1592 1135 1679 episcopus
1150 1598 1293 1663 London:
1308 1598 1397 1668 obiit.

530 1710 557 1758 su
577 1707 651 1757 :offa
1566 1736 1567 1753 i

315 1776 415 1829 vanum
525 1726 713 1863 Qdivallum
726 1789 872 1857 magnum
893 1773 970 1835 inter
990 1769 1172 1835 Britanniam
1196 1784 1290 1859 arque
1303 1774 1462 1853 inerciam,
1486 1776 1517 1840 δι
1566 1770 1567 1813 ³

251 1858 255 1863 ’
316 1842 388 1895 ⁰ffae‘
481 1865 521 1931 de
533 1867 610 1931 mari
623 1861 717 1949 usque
729 1862 768 1925 ad
782 1881 875 1935 mare,
897 1858 994 1923 facere
1007 1856 1175 1943 imperavit.
1566 1868 1567 1873 ’

851 1962 905 2027 sup:
917 1959 1111 2013 Westsaxonumc
1412 2000 1417 2009 .

524 2036 624 2100 Mater
634 2052 706 2095 vero
719 2028 837 2094 Alsredi
851 2028 929 2114 regis
942 2029 1062 2113 Olburg
1076 2028 1225 2113 appellata
1239 2026 1292 2094 est.

525 2123 607 2185 Dani
629 2140 708 2183 anno
722 2123 763 2181 D.
790 2122 866 2199 849.
889 2120 1102 2201 hyemavetunt
1123 2117 1156 2181 in
1180 2114 1283 2195 insula,
1308 2137 1380 2202 quae
1403 2115 1514 2183 dicitur

483 2214 625 2294 Scepege‚
647 2205 670 2271 i.
685 2227 712 2273 e.
728 2204 823 2270 insula
842 2208 956 2269 orium.

526 2302 563 2361 In
573 2295 679 2373 insula,
691 2315 763 2380 quae
772 2295 919 2359 saxonice
931 2293 1064 2371 Thenet,
1077 2292 1251 2359 Britannico
1262 2292 1396 2359 sermone
1407 2296 1514 2375 Ruim,

482 2386 664 2471 appellatur.

529 2471 671 2537 Mancusa
686 2474 717 2535 in
732 2470 761 2536 se
774 2470 910 2536 continet
925 2492 978 2555 30.
992 2472 1141 2537 denarios.
1187 2468 1352 2537 Lelandus.
1381 2473 1450 2537 Hoc
1463 2470 1514 2537 ad·

483 2558 705 2645 scriptumerat
719 2560 752 2623 in
766 2563 900 2643 margine
912 2558 1019 2623 vetusti
1036 2561 1158 2624 codicis.

528 2654 620 2714 Anno
635 2654 677 2715 D.
694 2652 769 2730 867.
793 2646 945 2726 Ealhslan,
967 2650 1180 2714 Scireburnent
1204 2646 1332 2714 ecclesrae
1346 2646 1515 2734 episcopua,
1568 2685 1569 2690 κ

483 2738 563 2801 uiam
587 2741 618 2801 &
640 2739 734 2801 vitam
757 2735 887 2802 deseruit
907 2739 1076 2822 temporalis
1093 2735 1195 2816 seculi,
1219 2735 1377 2822 postquam
1401 2736 1514 2822 episco-
1568 2749 1569 2770 ²

482 2842 589 2909 patum
605 2847 657 2910 per
679 2847 772 2889 annos
785 2845 840 2905 40.
863 2825 1079 2890 honorabiliter
1101 2839 1225 2901 rexerat,
1249 2829 1304 2909 qui
1325 2829 1358 2890 in
1375 2847 1447 2908 pace
1466 2847 1515 2893 ec·

482 2913 578 2978 clefiae
591 2911 760 2998 requiescit,
784 2912 915 2996 sepultus
931 2913 1069 2978 decenter
1083 2916 1115 2977 in
1130 2911 1198 2977 sede
1212 2910 1256 2976 sui
1271 2911 1469 2997 episcopatus.

279 3001 283 3008 '
317 3003 436 3076 δασείας·
528 3001 622 3064 Anno
637 3005 680 3066 D.
699 3000 775 3066 868.
799 3022 982 3086 paganorum
1005 3005 1151 3066 exercitus
1174 3003 1448 3068 Nordanhumbros
1468 3025 1514 3068 re·

319 3075 457 3130 hamunde.
483 3088 586 3174 liquit,
617 3091 813 3175 snotingham
839 3089 961 3173 pessimo
984 3089 1112 3154 adventu
1133 3088 1261 3153 visitavit
1284 3091 1314 3152 ac
1339 3091 1427 3166 adiit,
1449 3109 1516 3176 quae

482 3180 585 3242 civitas
608 3179 785 3260 Britanniio
808 3176 941 3242 sermone
960 3179 1177 3262 Tignocebanc
1190 3177 1319 3262 dicitur,
1343 3180 1451 3242 Latina
1470 3183 1514 3244 in·

483 3267 696 3350 terpretatione
711 3263 915 3349 speluncarum
930 3265 1051 3331 domna.

526 3356 620 3418 Anno
634 3356 676 3417 D.
694 3351 769 3432 876.
784 3353 822 3415 ad
833 3353 1012 3418 Exancestre
1026 3355 1223 3433 diverterunt,
1247 3353 1333 3440 quod
1345 3355 1514 3420 Britannice

482 3441 593 3508 dicitur
607 3438 776 3521 eairwisce,
799 3443 907 3506 Latine
920 3443 1032 3506 Civitas
1046 3463 1205 3526 aquarum.

786 3544 840 3609 sup:
854 3543 976 3606 Alsredus,
993 3560 1035 3593 rex
1047 3543 1165 3596 Weslsaxr

337 3609 396 3678 ἦε·
410 3616 466 3672 30⁶·
525 3614 616 3676 Anno
626 3614 668 3677 D.
686 3614 761 3691 877.
776 3614 859 3675 venit
873 3611 912 3674 ad
924 3614 1042 3676 Petram
1058 3609 1208 3696 Ecgberti‚
1230 3629 1299 3696 quae
1313 3607 1403 3674 estin
1419 3613 1514 3690 orien-

322 3671 452 3791 ffissussbss'
484 3700 536 3762 tali
560 3715 645 3782 parte
666 3697 766 3774 saltus,
779 3701 843 3784 .qui
858 3699 988 3784 Anglico
1007 3698 1131 3783 eloquio
1155 3700 1269 3764 dicitur
1291 3700 1396 3763 Mucel
1419 3703 1514 3785 pudu,

321 3778 466 3856 coitmadr.
486 3787 593 3851 Latine
615 3807 808 3872 veromagna
821 3785 911 3870 sylva,
933 3789 1106 3852 Britannico
1120 3809 1204 3852 more
1224 3789 1295 3850 Coit
1309 3807 1407 3852 maur.
1448 3789 1516 3854 Post

321 3869 458 3922 celwoode.
484 3877 607 3940 tertium
622 3875 705 3938 diem
717 3876 798 3938 venit
819 3896 889 3939 cunr
904 3895 1015 3960 magno
1028 3879 1161 3940 exercitu
1176 3875 1214 3938 ad
1235 3876 1359 3952 locum„
1372 3877 1429 3960 qui
1444 3878 1515 3942 dici·

482 3978 533 4028 tur
547 3962 752 4040 aaaandune,
768 3965 826 4028 dte.
873 3967 921 4028 De
936 3964 1064 4040 vitioria
1073 3964 1190 4028 Alsredi
1202 3979 1307 4027 contra
1322 3966 1438 4032 Danos.

786 4065 839 4130 supr
851 4067 978 4114 Danorum
993 4067 1118 4116 exercitus.

523 4135 615 4199 Anno
626 4135 666 4200 D.
683 4135 758 4219 879.
782 4133 963 4197 Cirencestre
978 4135 1063 4213 adiit,
1077 4154 1146 4219 qua
1157 4133 1330 4198 Britannico
1346 4133 1515 4220 appellatur

484 4300 586 4386 elogio
599 4304 670 4366 Cair
680 4238 764 4367 Ideri.

395 4413 421 4485 ς
526 4388 746 4454 AEthelstanum
766 4411 891 4476 quoque
914 4393 944 4455 81
969 4389 1127 4476 llerwlfum
1142 4386 1304 4456 sacerdotes
1325 4391 1456 4478 infignes
1475 4393 1514 4458 de

323 4493 478 4544 AErhelstnne.
777 4489 967 4553 suptAlfredus.

322 4555 595 4628 waltrih-Merca
609 4545 688 4620 adse
701 4557 848 4632 invitarat,
865 4558 999 4642 eoquod
1015 4557 1046 4620 hi
1061 4557 1244 4640 praestantius
1260 4577 1350 4647 atque
1362 4559 1513 4644 profusius

482 4643 516 4710 iu
530 4645 639 4709 divinae'
652 4643 726 4730 legis
742 4646 910 4711 eruditione
924 4646 1089 4731 pollebunt.
1361 4646 1514 4713 Eadward
