3392 5300
158 475 160 487 =
202 438 242 525 ’,
289 440 649 539 taracinam
693 442 1122 517 nonancunnnn.
1291 408 1345 531 n

137 624 139 659 1
241 563 405 652 Meuaniam
428 566 536 671 corpus
561 584 684 647 allatum'
701 562 801 649 erebra
821 585 1036 649 miraculorum
1057 600 1122 646 tam
1148 577 1357 666 pfflepultrrp

137 712 143 749 ;;
204 672 319 753 lentium
334 696 426 757 quam
450 674 636 759 sequentinm
653 684 776 755 quoque
794 671 1024 747 choruscatione,
1045 686 1060 718 ⁶
1080 675 1110 733 in
1129 672 1222 734 eccle-
1231 644 1370 707 enodem,

202 763 246 826 srae
255 766 283 825 S.
295 762 422 833 Andreae
436 760 588 843 san'diique
598 761 721 823 Davidis
734 761 914 836 ala-sinistra,
926 763 1016 841 juxta
1031 761 1121 822 altare
1133 756 1223 829 sandi

138 889 143 925 7
203 850 445 936 prothomartyris
458 848 608 933 Stephani,
633 850 733 911 debita
752 849 793 911 eli
809 849 978 911 celebritate
992 848 1185 911 tumulatum.

139 1008 142 1013 ,
242 939 366 1018 Adjacet
388 952 489 1003 autem
506 938 654 999 territorio
677 934 796 999 Roscnsr
812 937 996 999 meridionali
1012 936 1223 1017 maritimoque
1289 952 1291 956 ·

137 1094 140 1101 Δ
200 1026 360 1110 exlatere,
395 1025 589 1094 interlabente
610 1026 731 1087 brachio
756 1026 881 1100 marino,
915 1025 1064 1107 prouincia
1087 1024 1350 1087 Permutatur.

202 1112 333 1193 chiensrs,
363 1115 449 1195 eujus
476 1112 633 1197 principale
658 1113 866 1195 municipium,
890 1108 1039 1192 totiusque
1066 1112 1223 1193 provinciae

137 1244 140 1277 2
202 1204 344 1265 Demetiae
361 1200 398 1282 [l
409 1205 531 1285 caput,]
546 1203 577 1263 in
589 1198 686 1275 saxosa
697 1200 964 1283 quadarn&longa
973 1200 1055 1278 rupis
1064 1200 1223 1267 eminentia

201 1287 295 1365 satum,
320 1289 421 1375 lingua
437 1292 560 1363 marina,
585 1288 622 1350 de
635 1290 816 1351 Miluerdico
836 1306 926 1371 portu
943 1287 1105 1370 prosiliens,
1125 1288 1160 1348 in
1174 1306 1223 1347 ca·

136 1428 139 1456 ς
201 1378 259 1461 pite
282 1372 403 1459 bifurco
426 1376 645 1469 complectitur.
692 1376 779 1457 Unde
795 1378 824 1438 dr
846 1376 1031 1453 l'en'brochia
1051 1375 1141 1458 caput
1159 1365 1223 1450 'ma-

136 1517 139 1543 ,·
204 1478 206 1483 ⁷
262 1506 332 1541 mum
498 1472 499 1477 ¹
1206 1466 1214 1487 a

136 1576 138 1632 i
199 1557 287 1629 ritimi
302 1556 424 1635 soom.¹

136 1686 140 1719 3
240 1646 361 1711 Primus
375 1636 432 1710 boc
446 1644 572 1710 castrum
589 1644 763 1730 Ernulpbus
778 1644 814 1708 de
829 1646 1023 1728 Mungumeri
1042 1640 1096 1706 sub
1111 1641 1222 1727 Anglo·
1235 1649 1385 1729 arnulphus,

136 1774 138 1807 ;
200 1754 263 1802 rum
286 1754 356 1817 rege
381 1736 511 1799 Henrlco
534 1734 630 1819 primo
644 1754 682 1797 ex
695 1736 793 1817 ‘virgis
820 1735 850 1794 dr
867 1736 974 1816 eeipire
988 1752 1085 1795 renue*
1100 1728 1168 1793 satis
1191 1733 1221 1793 a
1234 1716 1296 1795 ‘3¹⁰¹‘
1309 1719 1387 1797 ⁰⁰¹3¹¹·

136 1864 138 1896 ;
199 1822 271 1905 exile
282 1821 469 1904 construxit.·
488 1826 581 1908 Quod
598 1820 791 1909 postmodum
804 1841 951 1890 revertens
965 1824 1033 1883 viro
1041 1820 1138 1903 probb
1149 1839 1220 1901 pru·
1232 1795 1262 1833 ω
1273 1782 1390 1853 ⁸³²7*

136 1950 139 1985 ;
199 1909 338 1993 ¹dentique
361 1911 488 1973 Giraldo
507 1911 545 1973 de
566 1910 750 1986 Windesora,
775 1909 992 1972 constabulario
1006 1906 1059 1970 suo
1085 1909 1218 1990 primipi·
1324 1912 1327 1921 '

136 2038 138 2074 3
199 1996 295 2079 loque,
319 1995 389 2065 ‘cnm
406 2000 505 2081 paucis
520 1990 746 2063 custodiendum
758 1994 906 2079 exposuit.
950 2001 1015 2060 Nec
1029 1997 1114 2058 mdr'a
1129 1999 1221 2060 totius

136 2128 137 2163 3
198 2084 328 2149 australis
346 2088 492 2149 Cambriae
502 2085 685 2163 Guallenses,
702 2088 833 2173 principe
847 2084 1054 2169 ipsoruinriro
1070 2079 1218 2164 bellicoso,

199 2172 293 2257 Rheso
307 2173 414 2237 scilicet
428 2175 582 2239 Theodori
608 2176 681 2250 filio,
707 2175 796 2257 paulo
816 2192 886 2237 ante
908 2174 980 2235 dolo
998 2174 1121 2235 snorum
1139 2172 1222 2252 apud

198 2263 397 2326 Brecbenianc
420 2265 608 2346 interempto,
631 2264 826 2345 &Gripbino
841 2262 905 2323 filio
925 2254 979 2323 suo
994 2281 1088 2343 puero
1103 2258 1238 2334 relidto,·
1287 2262 1290 2269 '
1351 2308 1354 2312 ,
1389 2336 1394 2341 ι

136 2390 137 2425 ÷
197 2344 322 2438 pastuum
348 2350 501 2437 obsidione
515 2353 681 2423 cinxerunt,
704 2350 777 2415 dre.¹
806 2350 933 2424 Ibidem,
956 2349 1068 2432 quibus
1083 2345 1221 2431 stratege·
1355 2344 1364 2357 ’

634 2448 751 2499 Geraldus

197 2518 326 2599 maribus
342 2519 462 2590 tandem
478 2519 520 2582 ab
531 2517 683 2593 obsidione
701 2517 876 2581 deterruerit
892 2513 1096 2584 Cambrenloe.
1121 2554 1127 2563 ·

237 2611 301 2670 Nec
320 2628 407 2671 mora
422 2608 570 2682 Geraldus
584 2605 646 2680 iste,
669 2625 705 2678 ut
718 2607 837 2672 altiores
857 2604 911 2670 sabi
925 2602 1042 2688 suisque
1064 2608 1095 2668 iu
1111 2603 1219 2671 finibus

197 2695 251 2772 illis
266 2697 382 2776 radices
393 2696 508 2780 figeret.
554 2696 705 2779 Griphini,
722 2697 863 2790 principis
878 2694 1059 2769 Sudwalliae,
1078 2691 1220 2772 sororem,

195 2785 242 2860 eui
257 2805 368 2861 nomen
383 2784 483 2860 Nesto,
507 2783 633 2846 maritali
657 2785 722 2868 lege
746 2784 799 2846 srbi
822 2783 990 2864 copulavit,
1006 2783 1045 2844 de
1067 2803 1128 2866 qua
1152 2799 1219 2865 pto·

196 2871 268 2936 ceffu
290 2875 434 2955 temporis
448 2869 767 2956 egregiamutrinsque
782 2869 871 2932 sexus
887 2871 1000 2951 prolem
1011 2867 1146 2951 suscepit,
1170 2891 1221 2953 per
1233 2870 1346 2948 Gtraldus
1356 2870 1386 2931 ‘b
1431 2918 1434 2921 .

195 2979 282 3042 quarn
299 2963 329 3022 dc
349 2955 454 3043 Anglis
469 2961 602 3022 australis
615 2961 758 3022 Cambriae
774 2959 924 3022 maritima
934 2974 1059 3031 retenta,
1073 2960 1102 3020 8r
1115 2958 1221 3022 Hiber·
1231 2938 1381 2994 wrederen.

195 3050 250 3114 uiae
263 3046 456 3120 moenialuut
471 3065 651 3132 expugnata,
669 3047 742 3110 ficut
755 3047 915 3112 raticinalis
927 3046 1054 3111 declarat
1068 3045 1198 3111 historia.

237 3136 335 3198 Diliat
359 3153 459 3203 autem
482 3133 704 3198 dPenbrocbiae
727 3133 821 3197 castro
837 3133 920 3216 qua'sr
945 3130 1109 3196 miliaribus
1126 3136 1221 3198 tribus

196 3223 356 3304 castellum,
381 3223 465 3308 quod
490 3225 653 3308 Mainorpir
679 3225 797 3296 dicitur,
821 3224 841 3284 i.
857 3242 883 3285 e.
901 3221 1012 3282 mantio
1033 3223 1142 3296 Pirrbi,
1166 3225 1222 3306 qul

197 3311 366 3388 &insulam
382 3311 483 3374 Caldei
497 3313 636 3386 babebat,
649 3333 743 3394 quam
755 3308 883 3392 Enispir‚
898 3313 917 3373 i.
930 3331 957 3371 e.
973 3307 1095 3372 insulam
1112 3313 1221 3388 Pirrbi,

194 3416 298 3472 vocant
357 3403 421 3467 Stat
436 3409 536 3462 autem
560 3402 615 3462 boc
630 3399 767 3474 castrum,
790 3399 971 3460 turribus&
990 3400 1222 3482 propugnaculis

194 3491 348 3563 eximium,
374 3490 404 3558 ln
419 3488 501 3550 'collis
516 3485 668 3567 cujusdam
683 3489 789 3569 capite,
812 3483 911 3548 versus
927 3489 1076 3546 marinum
1092 3487 1129 3547 ab
1143 3488 1221 3548 occi*

194 3577 282 3654 dente
298 3594 424 3661 porrum
446 3575 568 3650 extensa,
592 3574 610 3638 d
632 3577 733 3639 Circio
754 3573 886 3638 &borea
905 3570 1045 3656 sub'ipsrs
1061 3574 1222 3638 muralibus

191 3665 341 3738 ¹nivarium
354 3666 466 3726 babens
481 3665 647 3747 egregium,
669 3679 727 3725 tam
742 3662 786 3725 sui
799 3660 956 3742 majestate,
973 3672 1063 3744 quam
1076 3681 1224 3744 aquarum

195 3751 411 3837 profunditate,
436 3752 637 3836 conspicuum.
683 3752 853 3815 Pometiam
867 3757 990 3832 quoque
1005 3752 1223 3832 perpulchrum

197 3839 355 3904 abeodem
371 3839 471 3913 latere,
497 3841 564 3925 binc
578 3841 699 3917 vivario,
723 3840 791 3902 inde
807 3842 937 3912 nemore,
956 3836 1138 3911 conclusum,
1163 3854 1223 3904 tam

195 3921 334 3993 saxorum
353 3930 559 4012 prominentia,
584 3947 673 4012 quam
694 3928 868 4008 corylorum
890 3947 1014 4008 quoqne
1036 3927 1223 4008 proceritate,

196 4029 206 4080 t
229 4018 383 4096 praeclaro,
403 4075 405 4080 .
428 4015 571 4080 Adextra
581 4037 650 4078 vero
665 4014 813 4077 callrensrs
829 4010 1025 4097 promontorii
1042 4028 1132 4096 parte,
1146 4013 1223 4077 inter

195 4103 321 4178 castrum
349 4103 587 4177 s.·&eccles1am‚
611 4104 649 4166 ad
669 4101 784 4184 dstagti
804 4099 967 4183 amplillimi
988 4099 1095 4161 starum
1113 4101 1141 4163 ic
1156 4121 1220 4162 mo·

195 4192 304 4266 lendini
322 4191 423 4268 satum,
447 4189 610 4254 fabulosam
627 4193 656 4262 vi
677 4210 833 4252 ventorum
851 4190 1015 4269 convallem
1030 4187 1224 4267 indeficienti·

195 4271 251 4360 bus
267 4281 362 4360 undis
384 4284 464 4359 rivus
481 4279 609 4364 iulerpit.
654 4279 703 4341 Ab
718 4278 883 4354 occidente,
908 4274 1024 4338 sanuolo
1038 4278 1169 4360 quodam
1191 4276 1224 4344 in

195 4368 317 4457 angulo,
342 4389 426 4432 mare
440 4367 609 4448 Sabrinam,
629 4367 690 4454 jam
708 4369 769 4448 jam
789 4387 884 4448 prope
899 4367 929 4426 in
949 4365 1144 4431 Hibernicum
1159 4385 1223 4430 ver·
1243 4377 1352 4440 Pansa·

226 4507 424 4589 alnmlefiam
437 4505 623 4582 dabentimpreffi
673 4501 847 4574 iErimprgffl
896 4503 1067 4569 retardamur
1080 4503 1113 4554 al.
1163 4503 1225 4556 dL·

195 4573 279 4676 Q
1036 4655 1039 4661 ’
1141 4654 1225 4721 gens,
