3392 5300
286 462 642 568 hurronaxrr
687 464 1124 576 conuncrartaa.

189 631 271 679 nutu
286 611 459 698 dispositum
473 616 528 680 esse
544 613 666 693 constat,
689 632 725 679 ut
739 618 853 681 reniret
867 635 971 683 contra
989 622 1143 705 improbos
1158 641 1221 686 ma·

187 706 265 782 lum,
290 704 364 767 srcut
378 705 542 781 evidentiam
557 724 656 769 rerum
670 708 769 769 exitus
785 707 934 789 probavit.
1164 701 1170 712 ’
1219 731 1222 738 ·

595 850 646 909 Ex
661 860 724 930 cap.
746 850 819 932 15⁰:
891 826 894 830 ¹
1241 854 1298 920 Peg.
1312 835 1368 913 ns·

233 972 330 1035 Tunc
342 970 523 1055 Anglorum,
539 970 598 1035 stre
611 976 779 1049 Saxonum,
792 993 878 1057 gens,
894 974 1020 1035 invitata
1034 971 1052 1037 a
1067 996 1135 1060 rege
1146 996 1219 1060 prae·

184 1056 263 1135 fato,
289 1062 472 1123 Britanniam
488 1060 584 1123 tribus
605 1061 706 1143 longis
721 1062 851 1125 navibus
866 1062 1032 1138 advehitur,
1057 1066 1087 1125 ἃ
1109 1070 1140 1141 in
1160 1068 1220 1128 ori·

183 1148 281 1209 entali
312 1162 395 1231 parte
423 1144 533 1223 insulae,
552 1148 680 1228 jubente
704 1148 810 1211 eodem
837 1170 916 1233 rege,
940 1150 1040 1212 locum
1066 1154 1223 1228 manendi,

176 1234 271 1317 -quafi
289 1254 346 1318 pro
360 1236 453 1317 patria
465 1252 646 1319 pugnatura,
670 1256 701 1298 re
714 1250 816 1299 autern
828 1256 897 1298 vera
908 1237 989 1299 hanc
997 1256 1217 1322 expugnatura,

183 1320 325 1406 suscepit.
361 1324 441 1385 Inito
455 1324 528 1407 ergo
542 1325 701 1387 certamine
713 1344 783 1387 eum
796 1324 944 1401 hostibus,
961 1328 1015 1408 qui
1027 1328 1065 1391 ab
1080 1329 1219 1411 aquilone
1260 1381 1262 1388 ,

183 1411 225 1473 ad
241 1411 334 1473 aciem
348 1416 498 1486 venerant,
517 1409 676 1475 'visloriam
696 1409 844 1493 sumpsere
863 1416 1005 1476 Saxones·
1037 1416 1141 1505 Qod
1162 1417 1221 1480 ubi'

182 1498 272 1561 domi
288 1499 458 1561 nuntiatum
473 1497 524 1574 est,
548 1499 634 1563 fimul
649 1502 679 1562 Se
691 1498 792 1562 insulae
804 1498 949 1575 fertilitas,
968 1523 1003 1564 ac
1017 1499 1138 1585 segnitia
1152 1506 1216 1568 Bri-

182 1600 317 1661 tonum;
341 1586 471 1648 mittitur
494 1585 648 1651 confestim
671 1586 723 1651 illo
745 1588 838 1651 claffis
853 1590 1008 1670 prolixior,
1031 1608 1216 1656 armatorum

181 1672 283 1737 ferens
299 1692 420 1736 manum
435 1672 602 1752 fortiorem,
623 1690 691 1760 quat
713 1674 862 1759 praemilsae
876 1677 1018 1756 adjuncta
1040 1680 1156 1744 cohorti
1172 1682 1216 1744 in·

181 1762 357 1825 vincibilem
372 1760 443 1847 lecit
454 1764 630 1827 exereitum‘.
660 1762 859 1847 susceperunt
870 1784 948 1847 ergo
955 1766 1008 1848 qui
1022 1768 1214 1847 advenerant,

180 1850 367 1913 donantibus
390 1851 549 1927 Britannis,
573 1853 679 1915 locum'
696 1851 886 1915 habitationis
908 1855 1061 1929 intereos,
1075 1878 1119 1935 ea
1142 1876 1215 1921 com

179 1938 313 2013 ditione,
339 1951 373 2001 ut
396 1938 428 2001 hi
453 1958 509 2022 pro
533 1942 634 2023 patriae
655 1959 727 2023 pace
750 1941 780 2002 Se
805 1939 898 2003 salute
913 1943 1215 2023 contra'adrersarios

179 2026 357 2101 militarent,
372 2022 417 2089 illi
431 2027 630 2091 militantibus
644 2026 744 2091 debita
755 2024 899 2112 stipendia
912 2025 1036 2092 ferrent.
1075 2034 1221 2100 Advene·'

178 2128 252 2176 rant
276 2128 380 2191 autem
395 2114 433 2177 de
457 2115 549 2179 tribus
563 2117 731 2189 Germaniae
754 2116 874 2200 populis
894 2114 1081 2201 fortioribus,
1105 2122 1136 2185 id
1158 2120 1223 2201 est,'

180 2200 369 2276 saxonibus,
385 2204 502 2287 Anglis‚
520 2202 649 2278 &Vitis
683 2208 731 2267 De
743 2207 879 2267 Vitarum
893 2205 1008 2287 origine
1018 2204 1087 2285 sunt
1098 2210 1222 2282 Cantor¹

178 2290 262 2365 arii3
285 2290 317 2353 ἃ
337 2289 505 2367 Wiftuarii,
529 2292 586 2353 hoc
600 2290 652 2365 est,
677 2305 798 2377 eabgens
813 2312 882 2375 quae
893 2290 1018 2356 Vestam
1033 2312 1113 2358 tenet
1133 2295 1221 2362 insu

178 2375 256 2453 lam,
280 2378 312 2439 br
327 2396 361 2438 ea
374 2396 443 2461 quae
457 2375 551 2463 usque
565 2374 656 2441 hodie
677 2381 709 2441 in
724 2380 875 2463 provincia
889 2380 1124 2446 occidentalium
1140 2388 1214 2450 Sax-

178 2485 290 2541 onum,
315 2466 453 2527 Vitarum
478 2468 559 2529 natio
579 2468 762 2543 nominatur,
785 2466 879 2551 posrta
898 2485 1001 2532 contra
1021 2466 1113 2554 ipsam
1135 2461 1220 2537 insu·⁴

178 2554 244 2616 lam
272 2552 408 2615 vetram.
460 2556 507 2617 De
531 2555 710 2631 Saxonibus,
736 2556 762 2618 i.
777 2576 804 2619 e.
830 2578 865 2619 ea
890 2559 1011 2641 regione
1041 2579 1111 2641 quae
1132 2570 1214 2625 nunc

178 2643 381 2726 antiquorum
394 2643 552 2706 Saxonum
566 2644 806 2730 cognominatur,
829 2664 934 2709 venere
954 2646 1120 2712 Orientales
1139 2652 1213 2714 Sax·
1266 2685 1270 2692 ·

178 2751 268 2808 ones,
291 2729 451 2794 Meridiani
477 2735 618 2808 Saxones,
641 2733 767 2796 Occidui
788 2736 931 2812 Saxones.
976 2738 1072 2801 Porro
1093 2737 1132 2802 de
1149 2741 1225 2802 Ans

179 2817 247 2903 glis,
272 2817 334 2882 hoc
348 2815 401 2894 est,
425 2819 463 2880 de
475 2819 526 2906 illa
540 2823 637 2904 patria
650 2841 719 2905 quae
734 2837 748 2868 ⁰
764 2821 906 2902 Angulus
924 2823 1044 2900 dicitur,
1067 2828 1097 2888 8r
1117 2827 1155 2889 ab
1177 2849 1213 2894 eo
1241 2844 1256 2873 ⁴

180 2963 321 3034 tempore
344 2944 437 3031 usque
457 2947 547 3012 hodie
561 2969 679 3014 manere
697 2945 836 3016 desertus.
851 2953 927 3012 inter
951 2949 1116 3031 provincias
1129 2951 1212 3013 Vua-

178 3055 251 3100 rum
267 3038 300 3098 δε
315 3039 470 3099 Saxonum
486 3037 669 3121 perhibetur,
693 3040 858 3101 Orientales
874 3037 977 3121 Angli,
1001 3039 1223 3102 Mediterranei·

178 3125 288 3209 Angli,
305 3125 411 3198 Metel,
427 3138 491 3187 tota
504 3126 821 3192 Northanumbrorum
837 3125 1002 3209 progenies,
1016 3126 1037 3187 i.
1051 3146 1078 3189 e.
1093 3125 1221 3189 illarum

178 3216 331 3297 gentium,
346 3229 415 3296 quae
430 3213 600 3276 euboeam
615 3213 747 3278 Humbri
759 3215 814 3278 flu.
831 3213 1047 3300 ¹inhabitabant,
1063 3217 1223 3298 ceterique»

177 3300 357 3386 Anglorum
372 3301 477 3384 populi
492 3297 559 3364 sunt
571 3303 640 3364 orti.
689 3305 790 3365 Duces
805 3301 889 3364 soille
901 3301 1224 3385 perhibentureorum

176 3389 272 3472 primi
294 3387 419 3472 Hengist
444 3387 607 3468 &Horsa;
631 3384 783 3472 equibus
808 3386 902 3452 Horsa
923 3389 1023 3472 postea
1043 3386 1160 3452 occisus⁴
1180 3395 1225 3454 ini

177 3477 261 3541 bello
278 3475 494 3551 &Britonibua
519 3476 663 3540 haetenus
677 3481 709 3538 in
726 3478 1056 3541 OrientalibussCantiae
1076 3479 1224 3561 partibus

178 3573 417 3639 monumentum
433 3563 523 3627 habet
545 3561 598 3628 suo
614 3565 734 3629 nomine
753 3565 876 3649 inigne.
923 3569 1018 3627 Erant
1031 3566 1138 3628 autem
1154 3565 1223 3629 lilii»¹

178 3652 345 3737 Wislgilli,
368 3653 454 3733 cujus
471 3669 554 3736 pater
566 3652 677 3728 Wisla,
694 3655 779 3736 cujus
795 3667 878 3737 pater
889 3653 1007 3728 Westa,
1030 3654 1116 3734 cujus
1130 3661 1219 3736 parer-¹

178 3741 316 3815 Woden,
326 3739 364 3803 de
374 3741 462 3822 cujus
472 3739 560 3824 llirpe
569 3741 728 3803 multarum
740 3733 959 3824 provinciarum
969 3739 981 3788 l
993 3743 1107 3825 regium
1118 3761 1212 3823 genus

178 3829 331 3912 originem
347 3828 446 3892 duxit.
492 3824 660 3892 Non'mora
682 3847 764 3914 ergo,
788 3828 1009 3892 confluentibus
1023 3833 1159 3892 cetatim
1181 3834 1212 3893 in

179 3913 314 3996 insulam
327 3918 464 4000 gentium
480 3931 711 3980 memoratarum
725 3919 858 3992 catervis,
877 3915 1070 4002 grandescere.
1082 3919 1223 4000 populus}

179 4005 280 4087 coepit
295 4005 490 4080 advenarum,
514 4005 555 4066 ita
569 4003 684 4086 utipfis
698 4019 833 4090 quoque,
856 4007 909 4087 qui
923 4026 973 4067 eos
988 4005 1211 4082 advocaverant,

179 4092 335 4176 indigenis
348 4091 448 4156 esseut
472 4093 587 4159 terrori.
634 4096 721 4156 Tum
742 4089 841 4156 subito
867 4096 943 4155 inito
962 4094 1001 4154 ad
1018 4109 1135 4175 tempus
1155 4093 1212 4156 soe·

180 4179 254 4243 dere
268 4200 339 4244 cum
353 4180 457 4256 Pictis,
481 4201 558 4264 quos
573 4181 691 4265 lougius
713 4180 780 4262 jam
800 4178 939 4244 bellando
955 4181 1157 4264 propulerant,
1174 4175 1225 4246 in.

179 4264 277 4332 socios
292 4289 376 4332 arma
397 4284 510 4332 vertere
525 4268 683 4352 incipIunt.
727 4271 767 4330 Et
790 4269 922 4351 primum
943 4271 1066 4352 quidem
1081 4263 1224 4332 annonas'

180 4353 240 4422 fibi
265 4377 318 4420 eos
342 4354 521 4420 adfluentius
545 4354 708 4420 ministrare
729 4372 853 4442 cogunt,
879 4353 1104 4442 quaerentesque
1128 4379 1225 4439 occa,

215 4545 231 4578 a
251 4523 347 4592 Euroia,
355 4527 443 4578 ducitur
445 4528 489 4594 sub
500 4529 540 4579 hrc
555 4545 619 4589 voce,
639 4531 666 4580 sr
679 4528 826 4616 astnifcurrn
837 4531 939 4598 margine
958 4529 1084 4580 collocatur.
1119 4531 1221 4598 urrumf,

182 4595 375 4662 queclldmarm
388 4595 488 4644 uranu.
554 4595 755 4663 buegnumMs.
1167 4603 1173 4612 ’

317 4698 336 4756 7
357 4709 359 4712 -
1102 4675 1214 4740 fiunem

1299 482 1364 571 ἰη’
