3392 5300
359 568 445 652 mr
634 523 1417 652 ·Jonnu1snnnnnnry

508 676 663 763 guenta
706 680 828 758 Haymo
850 676 963 741 elesius
986 674 1045 741 fuit
1067 676 1097 740 in
1112 675 1282 743 ministrum
1297 680 1390 744 totius
1405 680 1534 767 Argita.

508 765 673 831 Lelandus.
711 764 813 829 Postea
824 764 935 829 elesius
949 762 1008 827 suit
1022 766 1052 826 itt
1070 764 1239 830 minillr'um
1253 768 1435 850 generalem.

552 857 694 917 Mortuus
714 852 757 917 est
777 857 894 934 Haymo
908 849 995 917 senex
1011 854 1166 936 Anagnia,
1189 854 1227 917 ad
1249 874 1340 939 quern
1355 854 1533 920 visitandum

506 942 650 1026 dignatus
663 940 706 1004 esl
721 944 819 1005 venire
833 942 1023 1003 Innocentius
1037 952 1098 1019 4¹¹⁵.

551 1030 666 1093 Floruit
691 1030 765 1093 Gul:
791 1030 829 1090 de
853 1028 1039 1113 Noringham
1062 1030 1162 1092 Oxou:
1188 1036 1322 1111 tempore
1349 1031 1477 1109 Joannis
1496 1024 1531 1093 de

506 1120 626 1193 Parma,
643 1120 675 1180 8.
690 1114 818 1180 ministri
835 1116 990 1201 generalis,
1005 1116 1055 1179 cui
1069 1114 1199 1179 suocessit
1214 1122 1436 1195 Beneventum,
1454 1135 1529 1203 magt

507 1205 558 1270 ille
579 1206 747 1289 theologus.

548 1290 773 1357 Consueverunt
795 1292 827 1353 in
849 1287 915 1379 ipso
937 1290 985 1353 die
1008 1289 1158 1378 ingtell'us,
1191 1290 1213 1355 st
1239 1278 1361 1369 vellens,
1385 1292 1529 1377 profiteri.

504 1380 615 1463 Sicque
628 1378 699 1443 fecit
713 1376 804 1447 frater
819 1379 876 1461 piae
893 1382 1043 1443 memoriae
1058 1383 1196 1461 Rogatus
1212 1383 1323 1445 Bacon.

546 1470 650 1531 Frater
663 1467 738 1531 Gult
759 1466 798 1531 de
811 1469 997 1550 Notingltam
1012 1468 1040 1531 δι
1054 1465 1145 1530 irater
1160 1469 1266 1531 Petrus
1281 1466 1318 1531 de
1331 1468 1526 1551 Tweltelbyri

502 1553 695 1618 ostenderunt
714 1558 754 1619 D.
783 1556 872 1639 Papae
895 1557 1069 1621 lnnocentio
1094 1576 1165 1641 quae
1189 1552 1259 1619 suus
1283 1554 1426 1621 statuerat
1454 1576 1527 1641 prae·

506 1643 645 1707 decessor.

545 1732 649 1794 Frater
664 1732 781 1813 Haymo
795 1750 956 1813 perunum
977 1749 1091 1793 annum
1112 1727 1287 1799 ministrarit
1309 1732 1339 1795 in
1354 1730 1476 1815 Anglia,
1497 1732 1528 1795 8<

503 1816 605 1901 pellea
627 1818 659 1881 in
679 1818 846 1903 generalem
861 1816 971 1881 eledlus
986 1816 1038 1882 ell.
1083 1817 1220 1881 Succeffit
1239 1834 1340 1884 tutem
1353 1820 1383 1887 ei
1401 1819 1527 1884 vioeriut

505 1904 680 1970 suuelrater
694 1906 771 1968 Gul:
786 1904 1036 1989 deNotinghem.
1570 1920 1571 1929 ¹

340 1998 455 2051 meolam
548 1997 651 2058 Frater
672 1992 826 2067 Nicolaue,
855 1995 919 2077 qui,
942 2013 1012 2057 cum
1035 1990 1128 2055 laicus
1149 1992 1228 2068 etet,
1251 1992 1351 2057 literas
1374 1993 1478 2059 didicit
1496 1998 1526 2059 in

338 2065 479 2145 nagreae
505 2083 625 2167 Anglla,
657 2080 756 2165 pollet
782 2080 927 2144 consessor
950 2078 1115 2143 lnttocentii
1134 2080 1178 2158 4¹.
1205 2081 1235 2143 dt
1256 2078 1413 2165 episcopus
1433 2082 1526 2145 Aliisri

337 2133 475 2249 Pffoeeffss,
504 2168 670 2322 {edifitiis}
713 2167 876 2236 Lelanrltte.
912 2171 943 2233 Si
961 2166 1040 2233 resle
1053 2169 1186 2246 memini,
1209 2171 1240 2233 S.
1257 2167 1428 2233 Franciscus
1442 2187 1526 2233 natur

520 2273 565 2322 urt
652 2281 682 2322 n.
1269 2298 1272 2317 .

548 2349 651 2411 Frater
664 2342 839 2409 Eutlaclrius
855 2340 894 2406 de
911 2346 1005 2418 Mete,
1028 2339 1074 2407 vir
1088 2338 1207 2406 famosae
1221 2342 1394 2428 relligionis.

545 2436 646 2499 Frater
661 2434 811 2497 Robertus
825 2431 863 2493 de
875 2432 1048 2507 Turonum,
1064 2428 1222 2515 gordianus
1238 2432 1365 2509 Limite,
1382 2448 1523 2518 tanquam
1570 2482 1571 2513 ᾗ

502 2520 624 2606 signifer
637 2542 707 2585 cum
722 2539 809 2584 cruce
825 2518 944 2601 signatis
956 2520 1103 2581 interram
1119 2514 1247 2583 sensiam
1264 2520 1417 2604 proseslus
1430 2520 1483 2586 est.
1570 2526 1571 2589 ζ

337 2612 486 2694 nngnutmn
547 2612 650 2674 Frater
664 2606 850 2693 Augustinus
861 2606 935 2670 Gul:
951 2607 988 2670 de
999 2606 1186 2692 Notiugham
1197 2612 1370 2674 Germanus
1381 2614 1523 2676 innocen·

338 2682 492 2795 uffingham
505 2699 550 2762 tio
561 2706 607 2775 4⁰.
623 2695 784 2772 familiario,
807 2691 908 2779 postea
921 2690 1074 2780 episcopus
1089 2693 1288 2786 Laodicenlip.

334 2763 494 2864 ffifflfis,
548 2783 646 2870 Igitur
659 2783 816 2867 postquam
829 2784 946 2846 circiter
958 2782 1186 2865 quatuordecim
1200 2801 1291 2848 annot
1306 2783 1383 2854 idem
1396 2786 1522 2852 withel-

337 2877 466 2956 outzma-
504 2891 573 2937 mue
590 2875 769 2956 provinciam
791 2870 909 2954 Angliae
932 2869 1056 2946 renuet,
1079 2868 1110 2935 iu
1134 2882 1215 2954 cep0.
1231 2871 1356 2936 Mercuri
1372 2871 1523 2938 abfflutue

252 2970 254 2975 '
334 2944 492 3060 &effi
502 2956 555 3040 esi,
578 2961 730 3046 pauloque
743 2957 807 3044 post
821 2963 925 3040 Januae
938 2979 978 3022 ex
998 2957 1078 3042 pesle
1089 2959 1176 3024 obiit.
1357 3017 1363 3029 ,

351 3045 1523 3231 t”vtetur²uuenutrirentur-tr
1567 3167 1570 3174 .

376 3241 507 3309 Orditur
524 3225 676 3302 historiam
698 3233 813 3322 abipsa
855 3249 954 3298 tamen
976 3235 1242 3316 multajnterstrt't,
1260 3255 1326 3320 que
1340 3235 1521 3321 nttffimmin

335 3330 482 3396 Richardi
500 3325 537 3392 1⁴.
552 3324 755 3391 coronatione.
857 3324 1000 3387 Marthae
1014 3328 1188 3403 conparent.

631 3414 633 3417 ’
697 3408 703 3420 ’
879 3415 972 3474 Anno
987 3413 1026 3474 D.
1047 3429 1142 3474 122r.

337 3525 467 3578 mactus
510 3498 515 3520 '
545 3500 631 3567 Obiit
645 3499 826 3565 Willtelmns
839 3499 877 3562 de
888 3501 1028 3563 Albineto
1039 3517 1138 3562 comes
1147 3495 1187 3560 de
1196 3495 1329 3564 lirundel
1344 3497 1520 3580 inpartibus

246 3644 249 3653 ,
338 3608 419 3645 mma
429 3595 466 3642 A·
502 3590 701 3654 transmarinis
720 3587 888 3652 itDamiera
904 3589 1027 3662 rediens,
1049 3587 1080 3648 tit
1096 3605 1209 3669 corpus
1222 3588 1288 3668 ejus
1300 3606 1356 3669 vper
1371 3588 1519 3650 Thomam

337 3655 432 3709 ‘'¹¹¹³ss
501 3676 682 3742 monachum
705 3680 735 3739 S.
763 3676 875 3739 Albani
899 3677 929 3737 in
953 3674 1089 3758 Angliam
1111 3671 1323 3755 transportatur
1349 3677 1431 3757 apud
1456 3676 1520 3737 Wi-

370 3828 373 3833 ⁴
426 3783 429 3787 ’
501 3764 707 3840 mundelham,
730 3766 817 3844 cnjus
831 3761 889 3846 ipse
905 3781 1049 3847 patronus
1063 3761 1131 3836 suit,
1157 3759 1376 3826 tumulandum.

833 3878 836 3886 ¹
950 3850 1074 3914 ibidem.
1513 3895 1517 3902 -

337 3951 413 4002 Mons
424 3952 476 4001 co·
543 3943 611 4004 Rex
635 3937 791 4014 tierricus,
816 3954 935 4022 propter
960 3938 1016 4000 loci
1035 3938 1280 4020 oportunitatem,
1303 3935 1432 4000 castrum
1456 3955 1519 4000 mu·

337 4018 441 4133 m
499 4028 587 4093 nitisia
614 4023 754 4102 firmavit,
786 4023 938 4110 &ipsum
965 4024 1059 4088 astru
1085 4025 1143 4088 loci
1168 4041 1306 4089 montem
1325 4029 1519 4090 Gomericum

443 4118 450 4132 '
499 4116 669 4181 nominarit.

905 4205 996 4264 Anno
1015 4221 1107 4282 1229.

540 4289 693 4354 Robertnr
707 4290 746 4352 de
756 4288 907 4374 Bingham
919 4289 1028 4352 elesius
1044 4291 1151 4352 Serum
1165 4287 1245 4370 apud
1262 4291 1437 4372 septoniam
1452 4309 1519 4353 mu·

496 4399 555 4442 nus
573 4376 797 4440 consecrationis
822 4375 955 4460 suscepit,
978 4380 1031 4460 'qui
1052 4376 1195 4440 fabricam
1218 4377 1345 4440 ecclesiae
1369 4375 1430 4440 suae
1459 4396 1516 4439 non

496 4463 622 4552 segniter
637 4461 807 4549 prosecutus
822 4463 914 4548 ipsam
935 4461 1058 4529 felici-ter
1074 4464 1298 4528 consummavit.

540 4559 670 4633 Joaunee
684 4553 768 4615 Prior
782 4552 819 4614 de
835 4547 989 4627 Hertford‚
1013 4553 1143 4618 videlicet
1157 4550 1310 4639 cujusdam
1324 4552 1406 4620 cellae
1421 4555 1460 4619 ad
1472 4571 1516 4618 ec·

495 4641 613 4708 clesram
629 4641 659 4705 S.
674 4640 784 4703 Albani
798 4639 984 4725 pertinentis.

582 4756 587 4766 ·
1428 4728 1519 4790 Anno
