3392 5300
136 4263 139 4366 l

286 2188 289 2193 '
304 2204 373 2255 gens.

334 450 381 523 aa
581 396 941 523 'Joartrtts
989 442 1301 507 sanamur

444 587 498 645 ,ut
513 571 597 636 nulla
619 570 727 633 lubere
742 570 815 631 tales
828 584 910 631 retro
921 586 993 631 aetas
1007 568 1191 643 meminisset,
1213 588 1284 631 cnm
1298 567 1412 651 quibus
1424 591 1490 633 om·

463 662 551 725 nibus
565 660 685 721 luxuria
698 657 809 722 crescit.
854 660 957 719 Creuit
977 658 1058 719 enim
1078 659 1213 739 germine
1226 658 1424 739 praepollenti,
1447 662 1489 721 ita

463 766 499 811 ut
518 762 720 827 competenter
742 746 848 807 eodem
870 760 1004 828 tempore
1026 747 1198 807 diceretur:
1227 748 1398 828 “Omnino
1422 747 1488 808 talis

298 836 447 899 fornicatio.
464 835 623 897 “auditur
646 832 813 905 fornicatio,
834 834 932 913 quah's
955 852 1009 895 nec
1025 833 1103 895 inter
1123 837 1258 915 gentes.'’
1300 836 1371 895 Non
1392 830 1490 895 solum

462 944 533 987 vero
547 924 603 985 hoc
619 923 736 995 titium,
760 918 808 983 sed
824 922 854 981 8<
867 923 979 994 omnia,
993 940 1063 1002 qnae
1076 920 1217 983 hnmanae
1230 935 1343 981 natutae
1355 922 1491 983 accidere

464 1010 566 1083 solent,
589 1012 618 1069 8<
633 1026 746 1071 caetcra.
791 1008 907 1069 Ibidem
921 1008 961 1069 de
975 1008 1187 1071 Britannorum
1202 1008 1299 1071 viciis.

336 1099 416 1173 Reges
507 1098 705 1179 Urtgeliantur
724 1112 824 1157 antem
848 1116 932 1179 reges
951 1116 1012 1157 non
1029 1116 1083 1178 per
1101 1095 1267 1170 dominum,
1290 1092 1341 1157 sed
1357 1098 1420 1179 qni
1442 1116 1490 1159 ce·

339 1174 413 1212 'mm'
465 1188 536 1249 teris
549 1184 729 1246 crudeliores
741 1181 910 1257 existerent,
931 1184 963 1243 dr
975 1186 1067 1264 paulo
1081 1181 1147 1265 post
1166 1184 1206 1249 ab
1220 1182 1408 1261 nostoribns,
1430 1205 1491 1247 non

464 1274 594 1359 proveri
608 1271 837 1344 examinatione,
861 1272 1099 1334 trucidabantur.

334 1386 394 1451 ³³²ss-
404 1390 445 1441 ⁶9·
506 1364 623 1421 Interea
638 1358 756 1421 volente
767 1358 825 1420 deo
836 1379 963 1441 purgare
975 1355 1229 1434 familiamsnam,
1251 1361 1282 1422 a
1296 1374 1380 1422 tanta
1394 1359 1490 1423 malo·

822 1467 891 1508 rum
912 1448 979 1509 labe
1001 1444 1151 1521 insessam,
1173 1448 1279 1511 auditu
1294 1464 1416 1511 tantum
1439 1449 1491 1508 tri·

345 1539 438 1601 Fama
457 1536 496 1598 de
509 1536 663 1617 eruptione
679 1534 779 1597 Preto-
822 1534 992 1608 balatronis,
1023 1536 1193 1610 emendate,
1229 1554 1291 1597 non
1315 1538 1414 1619 ignoti
1441 1555 1490 1597 ru-

299 1644 370 1701 tum
383 1627 414 1687 dr
428 1627 614 1689 Scottorum.
671 1653 675 1659 ·
822 1623 914 1683 motis
954 1625 1093 1705 penniger
1128 1642 1183 1684 ceu
1217 1622 1335 1685 volatus
1367 1621 1491 1685 arresias

823 1712 960 1771 omnium
973 1724 1107 1793 penetrat
1121 1730 1217 1786 aures,
1228 1711 1428 1795 jamjamque
1440 1712 1491 1772 ad·

344 1799 500 1867 Pictorum
508 1796 708 1861 consiliumde
717 1797 780 1859 Bri·
823 1812 931 1860 ventus
951 1816 1084 1861 veterum
1104 1796 1235 1861 holiium
1253 1799 1422 1864 volentium
1442 1820 1491 1881 pe·

300 1892 401 1958 tannis
413 1887 590 1972 impetendis
608 1888 736 1949 irritum.
824 1886 907 1947 nitus
929 1885 1037 1961 delere,
1059 1888 1090 1954 ἃ
1108 1886 1274 1949 inhabitare
1295 1883 1383 1949 solito
1398 1906 1490 1961 more,

299 1974 306 1983 '
823 1974 842 2035 ai
865 1970 1045 2057 lineasque
1068 1974 1108 2037 ad
1133 1976 1305 2048 terminum,
1326 1977 1490 2059 regionem.

467 2066 667 2145 Nequaquam
685 2075 785 2143 tamen
799 2062 837 2123 ad
853 2061 913 2125 hoc
927 2062 1098 2144 proliciunt.

513 2144 652 2211 Pellilera
668 2168 795 2232 namque
810 2149 874 2211 lues
893 2147 1021 2211 feraliter
1034 2148 1183 2231 inspienti
1198 2148 1313 2232 populo
1331 2150 1490 2224 incumbit,

305 2254 433 2321 Hyperho
465 2258 534 2319 quae
558 2238 590 2297 in
611 2237 694 2298 brevi
720 2253 832 2299 tautam
855 2237 920 2317 ejus
939 2238 1174 2312 multitudinem,
1197 2255 1318 2301 remoto
1336 2258 1490 2321 mucrone,

304 2122 427 2174 Peltuin-

293 2320 350 2373 ,tice
360 2320 415 2367 ¹¹⁰⁶·
466 2325 575 2399 sternit,
598 2342 741 2408 quantam
756 2346 792 2388 ne
807 2324 914 2407 possint
931 2327 992 2388 viri
1006 2325 1141 2388 humare.

303 2384 437 2514 {sigism
512 2415 609 2475 luitur
633 2432 761 2495 namque
784 2412 949 2487 confilium,
971 2414 1045 2495 quid
1059 2415 1210 2497 optimum
1231 2412 1343 2497 quidve
1365 2410 1493 2476 saluber·

300 2516 383 2573 letrau
397 2515 443 2562 ho·
469 2503 592 2575 timum,
614 2501 652 2561 ad
676 2500 858 2581 repellendas
878 2515 939 2563 tam
961 2499 1077 2575 ferales,
1106 2503 1137 2563 a
1160 2518 1220 2563 tam
1242 2501 1371 2573 crebras,
1395 2498 1494 2584 supta-

306 2580 389 2630 stibus.
469 2587 620 2662 dislarurn
639 2588 774 2670 gendum
789 2590 966 2670 irruptiones
979 2588 1164 2672 praedasqne,
1185 2590 1304 2652 decerni
1318 2589 1452 2652 deberet.

305 2645 452 2762 fflffffis
516 2678 602 2736 Tum
614 2695 717 2737 omnes
731 2676 887 2739 consiliarii
901 2697 962 2739 una
974 2699 1045 2740 cum
1057 2676 1185 2761 superbo
1199 2692 1325 2756 tyranno
1335 2694 1493 2754 caecantur,

304 2776 439 2827 mnemia
471 2758 691 2824 adinvenientes
721 2764 779 2826 tale
801 2764 979 2846 praesidium,
1011 2768 1105 2828 immo
1131 2765 1291 2840 excidium,
1322 2768 1436 2846 patriae,
1461 2781 1494 2828 nt

199 2895 201 2900 s
302 2842 436 2917 {lanigero
472 2846 640 2912 ferocissimi
662 2850 705 2912 illi
729 2851 851 2914 nefandi
868 2855 997 2916 nominis
1020 2859 1164 2929 Saxones,
1186 2853 1244 2914 deo
1265 2851 1496 2936 hominibusque

307 2905 481 2962 inauxtlrum·
525 2937 532 2951 ·
691 2941 698 2952 .
897 2942 904 2955 ,
941 2942 949 2956 ,
985 2943 993 2956 ,
1473 2945 1480 2958 ·

308 2972 404 3020 cotan..
472 2936 568 3009 ¹1¹V¹s1‚
592 2935 676 3020 quast
690 2959 719 3000 ru
732 2940 830 3001 caulas
843 2940 917 3022 lupr,
941 2961 972 3002 tn
984 2939 1119 3018 ansulam,
1143 2942 1181 3003 ad
1196 2943 1398 3004 retundendas
1411 2963 1494 3024 aqut·

471 3023 586 3086 lonares
596 3041 709 3108 gentes,
726 3029 1000 3092 intromitterentur.
1032 3034 1107 3112 Qu
1119 3033 1225 3112 utique
1239 3031 1316 3092 nihil
1329 3031 1356 3092 ei
1370 3028 1496 3114 usquam

465 3110 671 3196 perniciosius,
696 3116 830 3200 nihilque
844 3119 974 3179 amarius
987 3115 1104 3181 fartum
1118 3118 1171 3182 est.

539 3253 550 3275 ,
875 3208 962 3267 Tum
985 3202 1146 3287 erumpens
1169 3227 1245 3288 grex
1268 3203 1436 3270 catulorum
1461 3205 1499 3270 de

314 3347 318 3354 ,
350 3281 507 3350 Adventus
520 3289 590 3370 Sax:
608 3288 638 3350 in
652 3289 763 3352 Britan:
829 3291 922 3354 cubili
936 3294 1205 3368 leaenaebarbariae,
1225 3295 1331 3368 tribus,
1346 3295 1498 3376 utliugni

299 3392 302 3402 ·
385 3369 525 3543 {Cyulae
830 3381 894 3459 ejus
918 3382 1108 3463 exprimitur,
1140 3383 1243 3463 cyulis,
1266 3381 1375 3456 nostri,
1401 3382 1498 3466 longis

417 3465 532 3545 Longas
545 3483 643 3528 naves
829 3467 966 3543 navibus,
988 3467 1123 3531 secundis
1144 3471 1227 3546 velis,
1250 3474 1359 3544 omine,
1377 3471 1498 3552 auguri·

324 3630 326 3632 Ι
380 3549 559 3632 Augurium
595 3552 634 3614 de
661 3554 787 3638 imperio
829 3550 922 3638 isque,
939 3556 1063 3640 (quibus
1078 3579 1130 3640 per
1145 3575 1224 3620 vates
1235 3556 1405 3633 canebatur,
1421 3574 1504 3620 certo

371 3653 466 3698 onum
480 3637 512 3700 in
526 3639 690 3708 Britannia.
832 3645 915 3723 apud
927 3665 1004 3727 eum
1029 3643 1180 3729 praesagio,
1207 3646 1291 3727 quod
1313 3661 1358 3708 ter
1380 3663 1499 3708 centum

649 3741 654 3754 ‘
830 3751 925 3794 anuos
948 3732 1084 3814 patriam,
1107 3735 1157 3797 cui
1178 3752 1276 3816 proras
1292 3732 1434 3809 librabat,
1458 3738 1499 3797 in·

353 3810 487 3890 Saxones
495 3808 595 3876 sedem
606 3817 636 3876 in
650 3815 794 3879 orientali.
831 3816 948 3892 fideret,
966 3841 996 3884 c.
1010 3842 1082 3884 vero
1096 3841 1130 3885 L.
1146 3821 1203 3884 hoc
1218 3819 1270 3893 est,
1287 3821 1412 3884 dimidio
1427 3839 1498 3884 tem·

307 3893 397 3996 plaga
420 3901 581 3964 Britanniae
604 3901 685 3966 dono
712 3906 786 3966 aoci·
831 3909 924 3988 poris,
947 3904 1053 3990 saepius
1072 3908 1210 3991 vastaret)
1231 3908 1341 3989 ejesius
1355 3912 1456 3991 ptimo
1469 3913 1498 3974 iu

310 4000 409 4065 ptunt.
830 3995 963 4056 orientali
989 4012 1073 4079 parte
1090 3995 1205 4072 insnlae,
1224 3997 1349 4076 jubente
1372 3995 1499 4062 infausto

478 4090 613 4156 tyranno,
630 4077 772 4141 terribiles
783 4078 882 4143 infixit
891 4103 1017 4165 ungues,
1032 4083 1115 4167 quas
1131 4107 1184 4167 pro
1193 4082 1287 4167 patria
1298 4097 1499 4168 pugnaturus

476 4157 527 4225 sed
539 4167 722 4228 eamcertius
736 4168 977 4252 impugnaturus.
1007 4174 1067 4233 Cui
1080 4170 1249 4255 supradisla
1259 4175 1391 4255 genitrix
1406 4175 1498 4252 (com-

355 4284 484 4354 saxonia
504 4313 597 4356 noros
621 4297 727 4359 milites
750 4298 788 4360 ad
833 4259 955 4360 pedem.
977 4279 1077 4342 ΡΜ
1100 4263 1212 4364 igmini
1233 4259 1325 4365 sume
1351 4258 1497 4344 pmspesa'

310 4373 470 4446 Brimnos
482 4383 579 4444 mittit
832 4350 913 4426 tum)
946 4361 1018 4408 rtem
1038 4363 1131 4410 mtttrt
1150 4347 1309 4410 satellitum
1331 4367 1498 4434 canumque

582 4431 589 4446 '
747 4463 749 4466 ·
833 4434 1026 4515 prolixiorem
1045 4451 1204 4513 catervam,
1225 4456 1296 4522 quae
1313 4437 1430 4502 ratibus
1448 4439 1498 4500 ad·

475 4513 561 4578 vesta
575 4515 722 4583 adunatur
735 4538 806 4584 cum
819 4521 1052 4606 manipularibus
1067 4521 1183 4610 spuriis.

1404 4616 1497 4701 lgitut
