<?xml version="1.0" encoding="UTF-8"?>
<!DOCTYPE html PUBLIC "-//W3C//DTD XHTML 1.0 Transitional//EN"
    "http://www.w3.org/TR/xhtml1/DTD/xhtml1-transitional.dtd">
<html xmlns="http://www.w3.org/1999/xhtml" xml:lang="en" lang="en">
 <head>
  <title>
</title>
<meta http-equiv="Content-Type" content="text/html;charset=utf-8" />
  <meta name='ocr-system' content='tesseract 3.04.00' />
  <meta name='ocr-capabilities' content='ocr_page ocr_carea ocr_par ocr_line ocrx_word'/>
</head>
<body>
  <div class='ocr_page' id='page_1' title='image "./joannislelandia10lelagoog/joannislelandia10lelagoog_0306.png"; bbox 0 0 3392 5300; ppageno 0'>
   <div class='ocr_carea' id='block_1_1' title="bbox 171 3369 1490 3460">
    <p class='ocr_par' dir='ltr' id='par_1_1' title="bbox 171 3369 1490 3460">
     <span class='ocr_line' id='line_1_1' title="bbox 171 3369 1490 3460; baseline -0.001 -25"><span class='ocrx_word' id='word_1_1' title='bbox 171 3395 179 3402; x_wconf 85' lang='lat'><strong>·</strong></span> <span class='ocrx_word' id='word_1_2' title='bbox 303 3371 421 3419; x_wconf 66' lang='lat' dir='ltr'>basina·</span> <span class='ocrx_word' id='word_1_3' title='bbox 467 3376 586 3458; x_wconf 74' lang='lat' dir='ltr'>clessam</span> <span class='ocrx_word' id='word_1_4' title='bbox 600 3375 818 3460; x_wconf 73' lang='lat' dir='ltr'>muudipperis</span> <span class='ocrx_word' id='word_1_5' title='bbox 832 3375 992 3458; x_wconf 72' lang='lat' dir='ltr'>incepisset,</span> <span class='ocrx_word' id='word_1_6' title='bbox 1010 3375 1157 3439; x_wconf 88' lang='lat' dir='ltr'>transtulit</span> <span class='ocrx_word' id='word_1_7' title='bbox 1170 3379 1233 3458; x_wconf 88' lang='lat' dir='ltr'>ejus</span> <span class='ocrx_word' id='word_1_8' title='bbox 1247 3395 1355 3458; x_wconf 90' lang='lat' dir='ltr'>corpus</span> <span class='ocrx_word' id='word_1_9' title='bbox 1369 3369 1490 3436; x_wconf 74' lang='lat' dir='ltr'>sanatis:</span> 
     </span>
    </p>
   </div>
   <div class='ocr_carea' id='block_1_2' title="bbox 336 483 1384 610">
    <p class='ocr_par' dir='ltr' id='par_1_2' title="bbox 336 483 1384 610">
     <span class='ocr_line' id='line_1_2' title="bbox 336 483 1384 610; baseline -0.003 -22"><span class='ocrx_word' id='word_1_10' title='bbox 336 542 402 610; x_wconf 75' lang='lat'>304</span> <span class='ocrx_word' id='word_1_11' title='bbox 655 483 961 603; x_wconf 72' lang='lat' dir='ltr'>Josurms</span> <span class='ocrx_word' id='word_1_12' title='bbox 1010 517 1384 585; x_wconf 66' lang='lat' dir='ltr'>secunus·</span> 
     </span>
    </p>
   </div>
   <div class='ocr_carea' id='block_1_3' title="bbox 311 654 1512 1089">
    <p class='ocr_par' dir='ltr' id='par_1_3' title="bbox 311 654 1512 1089">
     <span class='ocr_line' id='line_1_3' title="bbox 442 654 1364 743; baseline -0.005 -22"><span class='ocrx_word' id='word_1_13' title='bbox 442 662 495 723; x_wconf 75' lang='lat' dir='ltr'>Ex</span> <span class='ocrx_word' id='word_1_14' title='bbox 503 657 619 743; x_wconf 73' lang='lat' dir='ltr'>prologo</span> <span class='ocrx_word' id='word_1_15' title='bbox 630 656 749 738; x_wconf 52' lang='lat' dir='ltr'>assota</span> <span class='ocrx_word' id='word_1_16' title='bbox 760 654 805 720; x_wconf 84' lang='lat' dir='ltr'>ad</span> <span class='ocrx_word' id='word_1_17' title='bbox 813 656 979 717; x_wconf 75' lang='lat' dir='ltr'>Guarimr&#39;m</span> <span class='ocrx_word' id='word_1_18' title='bbox 991 654 1027 716; x_wconf 80' lang='lat' dir='ltr'>de</span> <span class='ocrx_word' id='word_1_19' title='bbox 1036 657 1152 740; x_wconf 81' lang='lat' dir='ltr'>regibus</span> <span class='ocrx_word' id='word_1_20' title='bbox 1168 654 1364 718; x_wconf 79' lang='lat' dir='ltr'><em>Britannicis.</em></span> 
     </span>
     <span class='ocr_line' id='line_1_4' title="bbox 311 755 1512 841; baseline -0.005 -16"><span class='ocrx_word' id='word_1_21' title='bbox 311 760 459 825; x_wconf 78' lang='lat' dir='ltr'>lleuricus</span> <span class='ocrx_word' id='word_1_22' title='bbox 473 755 664 841; x_wconf 79' lang='lat' dir='ltr'>Huntiugdu:</span> <span class='ocrx_word' id='word_1_23' title='bbox 679 758 794 831; x_wconf 76' lang='lat' dir='ltr'>Roma,</span> <span class='ocrx_word' id='word_1_24' title='bbox 882 756 949 817; x_wconf 90' lang='lat' dir='ltr'>Hoc</span> <span class='ocrx_word' id='word_1_25' title='bbox 970 768 1070 818; x_wconf 84' lang='lat' dir='ltr'>tamen</span> <span class='ocrx_word' id='word_1_26' title='bbox 1092 776 1264 819; x_wconf 85' lang='lat' dir='ltr'>annocum</span> <span class='ocrx_word' id='word_1_27' title='bbox 1288 762 1421 820; x_wconf 86' lang='lat' dir='ltr'>Romam</span> <span class='ocrx_word' id='word_1_28' title='bbox 1444 779 1512 841; x_wconf 85' lang='lat' dir='ltr'>pro·</span> 
     </span>
     <span class='ocr_line' id='line_1_5' title="bbox 311 833 1510 925; baseline 0.002 -15"><span class='ocrx_word' id='word_1_29' title='bbox 311 846 410 912; x_wconf 77' lang='lat' dir='ltr'>forsan</span> <span class='ocrx_word' id='word_1_30' title='bbox 423 844 694 917; x_wconf 67' lang='lat' dir='ltr'>cammerinum,</span> <span class='ocrx_word' id='word_1_31' title='bbox 716 833 795 924; x_wconf 85' lang='lat' dir='ltr'>epis·</span> <span class='ocrx_word' id='word_1_32' title='bbox 837 838 998 916; x_wconf 81' lang='lat' dir='ltr'>ficiscerer,</span> <span class='ocrx_word' id='word_1_33' title='bbox 1042 843 1124 925; x_wconf 90' lang='lat' dir='ltr'>apud</span> <span class='ocrx_word' id='word_1_34' title='bbox 1154 841 1329 908; x_wconf 79' lang='lat' dir='ltr'>Becceusem</span> <span class='ocrx_word' id='word_1_35' title='bbox 1358 846 1510 912; x_wconf 80' lang='lat' dir='ltr'>abbatiam</span> 
     </span>
     <span class='ocr_line' id='line_1_6' title="bbox 311 926 1510 1029; baseline 0.001 -32"><span class='ocrx_word' id='word_1_36' title='bbox 311 955 391 1017; x_wconf 88' lang='lat' dir='ltr'>copo</span> <span class='ocrx_word' id='word_1_37' title='bbox 416 933 536 1000; x_wconf 87' lang='lat' dir='ltr'>Liuool:</span> <span class='ocrx_word' id='word_1_38' title='bbox 564 933 615 997; x_wconf 87' lang='lat' dir='ltr'>cui</span> <span class='ocrx_word' id='word_1_39' title='bbox 638 927 794 995; x_wconf 81' lang='lat' dir='ltr'>familiaris</span> <span class='ocrx_word' id='word_1_40' title='bbox 836 926 944 1029; x_wconf 88' lang='lat' dir='ltr'>scripta</span> <span class='ocrx_word' id='word_1_41' title='bbox 963 949 1064 993; x_wconf 87' lang='lat' dir='ltr'>rerum</span> <span class='ocrx_word' id='word_1_42' title='bbox 1086 932 1296 1015; x_wconf 73' lang='lat' dir='ltr'>praedislarum</span> <span class='ocrx_word' id='word_1_43' title='bbox 1318 931 1444 1018; x_wconf 85' lang='lat' dir='ltr'>stupens</span> <span class='ocrx_word' id='word_1_44' title='bbox 1469 939 1510 998; x_wconf 90' lang='lat' dir='ltr'>iu-</span> 
     </span>
     <span class='ocr_line' id='line_1_7' title="bbox 311 1036 917 1089; baseline -0.008 -4"><span class='ocrx_word' id='word_1_45' title='bbox 311 1038 387 1089; x_wconf 83' lang='lat' dir='ltr'>erat.</span> <span class='ocrx_word' id='word_1_46' title='bbox 837 1036 917 1080; x_wconf 82' lang='lat' dir='ltr'>vem.</span> 
     </span>
    </p>
   </div>
   <div class='ocr_carea' id='block_1_4' title="bbox 474 1136 1508 1517">
    <p class='ocr_par' dir='ltr' id='par_1_4' title="bbox 474 1136 1508 1517">
     <span class='ocr_line' id='line_1_8' title="bbox 782 1136 1200 1220; baseline 0.012 -21"><span class='ocrx_word' id='word_1_47' title='bbox 782 1139 833 1201; x_wconf 77' lang='lat' dir='ltr'>lix</span> <span class='ocrx_word' id='word_1_48' title='bbox 842 1136 956 1220; x_wconf 74' lang='lat' dir='ltr'>epssosa</span> <span class='ocrx_word' id='word_1_49' title='bbox 970 1136 1014 1201; x_wconf 82' lang='lat' dir='ltr'>ad</span> <span class='ocrx_word' id='word_1_50' title='bbox 1024 1140 1200 1204; x_wconf 83' lang='lat' dir='ltr'>Guarinam.</span> 
     </span>
     <span class='ocr_line' id='line_1_9' title="bbox 520 1240 1508 1327; baseline -0.002 -14"><span class='ocrx_word' id='word_1_51' title='bbox 520 1243 660 1313; x_wconf 78' lang='lat' dir='ltr'>Suoceffit</span> <span class='ocrx_word' id='word_1_52' title='bbox 681 1244 848 1318; x_wconf 85' lang='lat' dir='ltr'>eiMarius,</span> <span class='ocrx_word' id='word_1_53' title='bbox 870 1244 889 1306; x_wconf 78' lang='lat' dir='ltr'>it</span> <span class='ocrx_word' id='word_1_54' title='bbox 909 1263 973 1327; x_wconf 77' lang='lat' dir='ltr'>quo</span> <span class='ocrx_word' id='word_1_55' title='bbox 991 1240 1177 1323; x_wconf 85' lang='lat' dir='ltr'>Westmaria,</span> <span class='ocrx_word' id='word_1_56' title='bbox 1199 1244 1344 1309; x_wconf 87' lang='lat' dir='ltr'>Romanis</span> <span class='ocrx_word' id='word_1_57' title='bbox 1367 1242 1508 1311; x_wconf 85' lang='lat' dir='ltr'>serviens.</span> 
     </span>
     <span class='ocr_line' id='line_1_10' title="bbox 474 1329 877 1402; baseline -0.015 -1"><span class='ocrx_word' id='word_1_58' title='bbox 474 1332 534 1402; x_wconf 72' lang='lat' dir='ltr'>istc</span> <span class='ocrx_word' id='word_1_59' title='bbox 548 1332 693 1399; x_wconf 85' lang='lat' dir='ltr'>Cestriam</span> <span class='ocrx_word' id='word_1_60' title='bbox 705 1329 877 1395; x_wconf 71' lang='lat' dir='ltr'>aedificavit.</span> 
     </span>
     <span class='ocr_line' id='line_1_11' title="bbox 779 1431 1197 1517; baseline 0.012 -22"><span class='ocrx_word' id='word_1_61' title='bbox 779 1436 815 1495; x_wconf 90' lang='lat' dir='ltr'>ln</span> <span class='ocrx_word' id='word_1_62' title='bbox 829 1432 891 1497; x_wconf 85' lang='lat' dir='ltr'>sine</span> <span class='ocrx_word' id='word_1_63' title='bbox 904 1431 1039 1515; x_wconf 87' lang='lat' dir='ltr'>ejusdem</span> <span class='ocrx_word' id='word_1_64' title='bbox 1058 1433 1197 1517; x_wconf 80' lang='lat' dir='ltr'>epistolar.</span> 
     </span>
    </p>
   </div>
   <div class='ocr_carea' id='block_1_5' title="bbox 475 1527 1506 1709">
    <p class='ocr_par' dir='ltr' id='par_1_5' title="bbox 475 1527 1506 1709">
     <span class='ocr_line' id='line_1_12' title="bbox 517 1527 1506 1623; baseline -0.001 -25"><span class='ocrx_word' id='word_1_65' title='bbox 517 1527 693 1623; x_wconf 78' lang='lat' dir='ltr'>Qorumfi</span> <span class='ocrx_word' id='word_1_66' title='bbox 708 1531 914 1617; x_wconf 76' lang='lat' dir='ltr'>prolixitatem</span> <span class='ocrx_word' id='word_1_67' title='bbox 925 1534 1079 1611; x_wconf 74' lang='lat' dir='ltr'>desideras,</span> <span class='ocrx_word' id='word_1_68' title='bbox 1095 1536 1205 1599; x_wconf 86' lang='lat' dir='ltr'>librum</span> <span class='ocrx_word' id='word_1_69' title='bbox 1216 1534 1363 1618; x_wconf 85' lang='lat' dir='ltr'>grandem</span> <span class='ocrx_word' id='word_1_70' title='bbox 1373 1528 1506 1598; x_wconf 85' lang='lat' dir='ltr'>Galfridi</span> 
     </span>
     <span class='ocr_line' id='line_1_13' title="bbox 475 1624 1270 1709; baseline -0.005 -21"><span class='ocrx_word' id='word_1_71' title='bbox 475 1625 615 1700; x_wconf 82' lang='lat' dir='ltr'>Arthuri,</span> <span class='ocrx_word' id='word_1_72' title='bbox 638 1644 732 1707; x_wconf 88' lang='lat' dir='ltr'>quem</span> <span class='ocrx_word' id='word_1_73' title='bbox 746 1624 831 1706; x_wconf 88' lang='lat' dir='ltr'>apud</span> <span class='ocrx_word' id='word_1_74' title='bbox 845 1627 979 1685; x_wconf 86' lang='lat' dir='ltr'>Boccum</span> <span class='ocrx_word' id='word_1_75' title='bbox 992 1624 1101 1701; x_wconf 85' lang='lat' dir='ltr'>iuveni,</span> <span class='ocrx_word' id='word_1_76' title='bbox 1123 1626 1270 1709; x_wconf 84' lang='lat' dir='ltr'>requiras.</span> 
     </span>
    </p>
   </div>
   <div class='ocr_carea' id='block_1_6' title="bbox 379 1746 1419 1889">
    <p class='ocr_par' dir='ltr' id='par_1_6' title="bbox 379 1746 1419 1889">
     <span class='ocr_line' id='line_1_14' title="bbox 379 1746 1419 1889; baseline 0.005 -80"><span class='ocrx_word' id='word_1_77' title='bbox 379 1818 405 1889; x_wconf 51' lang='lat'><strong>¹</strong></span> <span class='ocrx_word' id='word_1_78' title='bbox 560 1753 608 1810; x_wconf 84' lang='lat' dir='ltr'>Ex</span> <span class='ocrx_word' id='word_1_79' title='bbox 617 1746 729 1830; x_wconf 64' lang='lat' dir='ltr'>epistola</span> <span class='ocrx_word' id='word_1_80' title='bbox 743 1749 869 1812; x_wconf 83' lang='lat' dir='ltr'>Hearici</span> <span class='ocrx_word' id='word_1_81' title='bbox 876 1748 1069 1833; x_wconf 79' lang='lat' dir='ltr'>Huntr&#39;ngdu:</span> <span class='ocrx_word' id='word_1_82' title='bbox 1084 1747 1119 1811; x_wconf 76' lang='lat' dir='ltr'>de</span> <span class='ocrx_word' id='word_1_83' title='bbox 1132 1752 1293 1831; x_wconf 65' lang='lat' dir='ltr'>conterrita</span> <span class='ocrx_word' id='word_1_84' title='bbox 1307 1749 1419 1815; x_wconf 74' lang='lat' dir='ltr'>ouandi.</span> 
     </span>
    </p>
   </div>
   <div class='ocr_carea' id='block_1_7' title="bbox 306 1855 1567 2372">
    <p class='ocr_par' dir='ltr' id='par_1_7' title="bbox 306 1855 1567 2372">
     <span class='ocr_line' id='line_1_15' title="bbox 306 1855 1503 1947; baseline 0.002 -26"><span class='ocrx_word' id='word_1_85' title='bbox 306 1896 443 1947; x_wconf 45' lang='grc' dir='ltr'>ΒΜ,</span> <span class='ocrx_word' id='word_1_86' title='bbox 517 1859 601 1945; x_wconf 79' lang='lat' dir='ltr'>Qid</span> <span class='ocrx_word' id='word_1_87' title='bbox 613 1877 780 1921; x_wconf 87' lang='lat' dir='ltr'>memorem</span> <span class='ocrx_word' id='word_1_88' title='bbox 792 1857 993 1931; x_wconf 84' lang='lat' dir='ltr'>Gilebertum,</span> <span class='ocrx_word' id='word_1_89' title='bbox 1017 1878 1086 1940; x_wconf 84' lang='lat' dir='ltr'>cog:</span> <span class='ocrx_word' id='word_1_90' title='bbox 1101 1855 1304 1934; x_wconf 88' lang='lat' dir='ltr'>universalem,</span> <span class='ocrx_word' id='word_1_91' title='bbox 1327 1855 1503 1941; x_wconf 84' lang='lat' dir='ltr'>episcopum</span> 
     </span>
     <span class='ocr_line' id='line_1_16' title="bbox 307 1942 1499 2039; baseline -0.001 -28"><span class='ocrx_word' id='word_1_92' title='bbox 307 1963 379 2039; x_wconf 68' lang='lat' dir='ltr'>bari,</span> <span class='ocrx_word' id='word_1_93' title='bbox 394 1963 456 2027; x_wconf 78' lang='lat' dir='ltr'>epis-</span> <span class='ocrx_word' id='word_1_94' title='bbox 473 1944 736 2013; x_wconf 61' lang='lat' dir='ltr'>lundoniensem?</span> <span class='ocrx_word' id='word_1_95' title='bbox 759 1948 830 2007; x_wconf 86' lang='lat' dir='ltr'>Nou</span> <span class='ocrx_word' id='word_1_96' title='bbox 852 1944 912 2007; x_wconf 83' lang='lat' dir='ltr'>fuit</span> <span class='ocrx_word' id='word_1_97' title='bbox 938 1942 1074 2028; x_wconf 87' lang='lat' dir='ltr'>adusque</span> <span class='ocrx_word' id='word_1_98' title='bbox 1094 1949 1223 2008; x_wconf 86' lang='lat' dir='ltr'>Romam</span> <span class='ocrx_word' id='word_1_99' title='bbox 1248 1966 1300 2027; x_wconf 88' lang='lat' dir='ltr'>par</span> <span class='ocrx_word' id='word_1_100' title='bbox 1318 1948 1348 2009; x_wconf 88' lang='lat' dir='ltr'>ei</span> <span class='ocrx_word' id='word_1_101' title='bbox 1370 1942 1499 2010; x_wconf 64' lang='lat' dir='ltr'>luentia.</span> 
     </span>
     <span class='ocr_line' id='line_1_17' title="bbox 308 2031 1567 2117; baseline -0.002 -18"><span class='ocrx_word' id='word_1_102' title='bbox 308 2031 442 2091; x_wconf 72' lang='lat' dir='ltr'>mptlan-</span> <span class='ocrx_word' id='word_1_103' title='bbox 474 2037 600 2099; x_wconf 87' lang='lat' dir='ltr'>Artibus</span> <span class='ocrx_word' id='word_1_104' title='bbox 622 2050 686 2096; x_wconf 85' lang='lat' dir='ltr'>etat</span> <span class='ocrx_word' id='word_1_105' title='bbox 705 2033 939 2104; x_wconf 80' lang='lat' dir='ltr'>eruditissimus3</span> <span class='ocrx_word' id='word_1_106' title='bbox 964 2034 1118 2096; x_wconf 91' lang='lat' dir='ltr'>Theorica</span> <span class='ocrx_word' id='word_1_107' title='bbox 1139 2032 1295 2117; x_wconf 86' lang='lat' dir='ltr'>fingularis</span> <span class='ocrx_word' id='word_1_108' title='bbox 1317 2036 1348 2096; x_wconf 72' lang='lat' dir='ltr'>a</span> <span class='ocrx_word' id='word_1_109' title='bbox 1370 2037 1501 2107; x_wconf 69' lang='lat' dir='ltr'>unicusr</span> <span class='ocrx_word' id='word_1_110' title='bbox 1566 2082 1567 2087; x_wconf 19' lang='grc' dir='ltr'>η</span> 
     </span>
     <span class='ocr_line' id='line_1_18' title="bbox 308 2092 1567 2207; baseline -0.003 -20"><span class='ocrx_word' id='word_1_111' title='bbox 308 2092 368 2142; x_wconf 68' lang='lat'><strong>‘¹⁰⁰²</strong></span> <span class='ocrx_word' id='word_1_112' title='bbox 473 2122 553 2187; x_wconf 85' lang='lat' dir='ltr'>sama</span> <span class='ocrx_word' id='word_1_113' title='bbox 568 2123 661 2207; x_wconf 86' lang='lat' dir='ltr'>igitur</span> <span class='ocrx_word' id='word_1_114' title='bbox 674 2120 839 2184; x_wconf 86' lang='lat' dir='ltr'>celebris&amp;</span> <span class='ocrx_word' id='word_1_115' title='bbox 853 2119 1033 2201; x_wconf 89' lang='lat' dir='ltr'>splendidus.</span> <span class='ocrx_word' id='word_1_116' title='bbox 1077 2124 1281 2205; x_wconf 82' lang='lat' dir='ltr'>Qapropter‚</span> <span class='ocrx_word' id='word_1_117' title='bbox 1302 2142 1374 2187; x_wconf 90' lang='lat' dir='ltr'>cum</span> <span class='ocrx_word' id='word_1_118' title='bbox 1388 2119 1501 2185; x_wconf 87' lang='lat' dir='ltr'>scholas</span> <span class='ocrx_word' id='word_1_119' title='bbox 1566 2168 1567 2177; x_wconf 29' lang='lat' dir='ltr'>t</span> 
     </span>
     <span class='ocr_line' id='line_1_19' title="bbox 408 2204 1567 2307; baseline 0 -34"><span class='ocrx_word' id='word_1_120' title='bbox 408 2208 461 2273; x_wconf 64' lang='grc' dir='ltr'>ὓ</span> <span class='ocrx_word' id='word_1_121' title='bbox 474 2226 592 2295; x_wconf 85' lang='lat' dir='ltr'>regeret</span> <span class='ocrx_word' id='word_1_122' title='bbox 610 2210 751 2285; x_wconf 78' lang='lat' dir='ltr'>Nivernis</span> <span class='ocrx_word' id='word_1_123' title='bbox 773 2209 805 2269; x_wconf 88' lang='lat' dir='ltr'>in</span> <span class='ocrx_word' id='word_1_124' title='bbox 818 2208 927 2283; x_wconf 89' lang='lat' dir='ltr'>Gallia,</span> <span class='ocrx_word' id='word_1_125' title='bbox 950 2209 989 2271; x_wconf 91' lang='lat' dir='ltr'>ad</span> <span class='ocrx_word' id='word_1_126' title='bbox 1012 2204 1165 2273; x_wconf 87' lang='lat' dir='ltr'>summum</span> <span class='ocrx_word' id='word_1_127' title='bbox 1178 2209 1348 2273; x_wconf 76' lang='lat' dir='ltr'>Londoniae</span> <span class='ocrx_word' id='word_1_128' title='bbox 1368 2206 1499 2273; x_wconf 85' lang='lat' dir='ltr'>sacerdo·</span> <span class='ocrx_word' id='word_1_129' title='bbox 1566 2226 1567 2307; x_wconf 55' lang='lat' dir='ltr'>p</span> 
     </span>
     <span class='ocr_line' id='line_1_20' title="bbox 475 2295 1567 2372; baseline -0.005 -9"><span class='ocrx_word' id='word_1_130' title='bbox 475 2299 553 2363; x_wconf 76' lang='lat' dir='ltr'>num</span> <span class='ocrx_word' id='word_1_131' title='bbox 574 2313 696 2362; x_wconf 83' lang='lat' dir='ltr'>vocatus</span> <span class='ocrx_word' id='word_1_132' title='bbox 709 2295 763 2372; x_wconf 88' lang='lat' dir='ltr'>est,</span> <span class='ocrx_word' id='word_1_133' title='bbox 785 2298 816 2357; x_wconf 75' lang='lat' dir='ltr'>a</span> <span class='ocrx_word' id='word_1_134' title='bbox 831 2312 972 2361; x_wconf 82' lang='lat' dir='ltr'>exoratus</span> <span class='ocrx_word' id='word_1_135' title='bbox 987 2296 1135 2362; x_wconf 79' lang='lat' dir='ltr'>concessit.</span> <span class='ocrx_word' id='word_1_136' title='bbox 1566 2312 1567 2347; x_wconf 51' lang='lat' dir='ltr'>l</span> 
     </span>
    </p>
   </div>
   <div class='ocr_carea' id='block_1_8' title="bbox 478 2417 1496 3116">
    <p class='ocr_par' dir='ltr' id='par_1_8' title="bbox 478 2417 1355 2593">
     <span class='ocr_line' id='line_1_21' title="bbox 478 2417 1355 2505; baseline -0.005 -19"><span class='ocrx_word' id='word_1_137' title='bbox 478 2470 484 2477; x_wconf 81' lang='lat'>-</span> <span class='ocrx_word' id='word_1_138' title='bbox 618 2426 654 2486; x_wconf 92' lang='lat' dir='ltr'>In</span> <span class='ocrx_word' id='word_1_139' title='bbox 666 2418 727 2485; x_wconf 71' lang='lat' dir='ltr'>fiue‘</span> <span class='ocrx_word' id='word_1_140' title='bbox 739 2418 870 2502; x_wconf 86' lang='lat' dir='ltr'>ejusdem</span> <span class='ocrx_word' id='word_1_141' title='bbox 885 2420 1016 2505; x_wconf 83' lang='lat' dir='ltr'>epislolae</span> <span class='ocrx_word' id='word_1_142' title='bbox 1036 2422 1073 2483; x_wconf 91' lang='lat' dir='ltr'>ad</span> <span class='ocrx_word' id='word_1_143' title='bbox 1089 2420 1259 2488; x_wconf 85' lang='lat' dir='ltr'>Walterum</span> <span class='ocrx_word' id='word_1_144' title='bbox 1272 2417 1355 2484; x_wconf 85' lang='lat' dir='ltr'>conl:</span> 
     </span>
     <span class='ocr_line' id='line_1_22' title="bbox 821 2508 1149 2593; baseline 0.012 -22"><span class='ocrx_word' id='word_1_145' title='bbox 821 2508 975 2593; x_wconf 86' lang='lat' dir='ltr'>epistolam</span> <span class='ocrx_word' id='word_1_146' title='bbox 991 2509 1149 2575; x_wconf 85' lang='lat' dir='ltr'>dedicavit.</span> 
     </span>
    </p>

    <p class='ocr_par' dir='ltr' id='par_1_9' title="bbox 559 2610 1366 2699">
     <span class='ocr_line' id='line_1_23' title="bbox 559 2610 1366 2699; baseline -0.001 -20"><span class='ocrx_word' id='word_1_147' title='bbox 559 2614 681 2679; x_wconf 83' lang='lat' dir='ltr'>Heurici</span> <span class='ocrx_word' id='word_1_148' title='bbox 696 2612 752 2677; x_wconf 87' lang='lat' dir='ltr'>tibi</span> <span class='ocrx_word' id='word_1_149' title='bbox 767 2610 843 2676; x_wconf 85' lang='lat' dir='ltr'>setta</span> <span class='ocrx_word' id='word_1_150' title='bbox 857 2632 972 2698; x_wconf 84' lang='lat' dir='ltr'>gerens,</span> <span class='ocrx_word' id='word_1_151' title='bbox 994 2614 1206 2698; x_wconf 81' lang='lat' dir='ltr'>epigrammata</span> <span class='ocrx_word' id='word_1_152' title='bbox 1223 2616 1366 2699; x_wconf 88' lang='lat' dir='ltr'>primum,</span> 
     </span>
    </p>

    <p class='ocr_par' dir='ltr' id='par_1_10' title="bbox 602 2701 1311 2786">
     <span class='ocr_line' id='line_1_24' title="bbox 602 2701 1311 2786; baseline 0.001 -21"><span class='ocrx_word' id='word_1_153' title='bbox 602 2701 713 2766; x_wconf 88' lang='lat' dir='ltr'>Proelia</span> <span class='ocrx_word' id='word_1_154' title='bbox 725 2721 809 2776; x_wconf 87' lang='lat' dir='ltr'>mox,</span> <span class='ocrx_word' id='word_1_155' title='bbox 832 2704 956 2765; x_wconf 87' lang='lat' dir='ltr'>Veneris</span> <span class='ocrx_word' id='word_1_156' title='bbox 970 2705 1105 2786; x_wconf 83' lang='lat' dir='ltr'>gramina</span> <span class='ocrx_word' id='word_1_157' title='bbox 1119 2703 1227 2766; x_wconf 88' lang='lat' dir='ltr'>deinde</span> <span class='ocrx_word' id='word_1_158' title='bbox 1243 2705 1311 2766; x_wconf 89' lang='lat' dir='ltr'>tuli.</span> 
     </span>
    </p>

    <p class='ocr_par' dir='ltr' id='par_1_11' title="bbox 559 2788 1496 3116">
     <span class='ocr_line' id='line_1_25' title="bbox 559 2788 1496 2875; baseline -0.002 -22"><span class='ocrx_word' id='word_1_159' title='bbox 559 2790 654 2853; x_wconf 88' lang='lat' dir='ltr'>Liber</span> <span class='ocrx_word' id='word_1_160' title='bbox 667 2810 764 2852; x_wconf 90' lang='lat' dir='ltr'>nonus</span> <span class='ocrx_word' id='word_1_161' title='bbox 778 2788 820 2853; x_wconf 90' lang='lat' dir='ltr'>est</span> <span class='ocrx_word' id='word_1_162' title='bbox 834 2791 872 2851; x_wconf 92' lang='lat' dir='ltr'>de</span> <span class='ocrx_word' id='word_1_163' title='bbox 885 2791 1032 2852; x_wconf 86' lang='lat' dir='ltr'>miraculis</span> <span class='ocrx_word' id='word_1_164' title='bbox 1049 2789 1224 2853; x_wconf 72' lang='lat' dir='ltr'>Sansiorum</span> <span class='ocrx_word' id='word_1_165' title='bbox 1239 2792 1425 2875; x_wconf 66' lang='lat' dir='ltr'>[sagios-um,</span> <span class='ocrx_word' id='word_1_166' title='bbox 1445 2790 1496 2874; x_wconf 91' lang='lat' dir='ltr'>qui</span> 
     </span>
     <span class='ocr_line' id='line_1_26' title="bbox 602 2875 1496 2960; baseline -0.001 -20"><span class='ocrx_word' id='word_1_167' title='bbox 602 2876 642 2940; x_wconf 89' lang='lat' dir='ltr'>ad</span> <span class='ocrx_word' id='word_1_168' title='bbox 654 2878 781 2939; x_wconf 84' lang='lat' dir='ltr'>verbum</span> <span class='ocrx_word' id='word_1_169' title='bbox 795 2875 859 2939; x_wconf 85' lang='lat' dir='ltr'>sere</span> <span class='ocrx_word' id='word_1_170' title='bbox 871 2897 910 2940; x_wconf 87' lang='lat' dir='ltr'>ex</span> <span class='ocrx_word' id='word_1_171' title='bbox 924 2878 1013 2940; x_wconf 82' lang='lat' dir='ltr'>Beda</span> <span class='ocrx_word' id='word_1_172' title='bbox 1036 2877 1157 2960; x_wconf 80' lang='lat' dir='ltr'>historia</span> <span class='ocrx_word' id='word_1_173' title='bbox 1180 2881 1336 2941; x_wconf 86' lang='lat' dir='ltr'>transsatus</span> <span class='ocrx_word' id='word_1_174' title='bbox 1348 2879 1403 2958; x_wconf 85' lang='lat' dir='ltr'>est,</span> <span class='ocrx_word' id='word_1_175' title='bbox 1427 2897 1496 2960; x_wconf 80' lang='lat' dir='ltr'>prae·</span> 
     </span>
     <span class='ocr_line' id='line_1_27' title="bbox 603 2965 1495 3051; baseline 0 -24"><span class='ocrx_word' id='word_1_176' title='bbox 603 2981 740 3047; x_wconf 84' lang='lat' dir='ltr'>terquam</span> <span class='ocrx_word' id='word_1_177' title='bbox 762 2965 848 3047; x_wconf 88' lang='lat' dir='ltr'>quod</span> <span class='ocrx_word' id='word_1_178' title='bbox 876 2965 907 3027; x_wconf 91' lang='lat' dir='ltr'>in</span> <span class='ocrx_word' id='word_1_179' title='bbox 932 2966 990 3028; x_wconf 89' lang='lat' dir='ltr'>sine</span> <span class='ocrx_word' id='word_1_180' title='bbox 1015 2967 1134 3046; x_wconf 85' lang='lat' dir='ltr'>adjiciat</span> <span class='ocrx_word' id='word_1_181' title='bbox 1158 2969 1273 3051; x_wconf 82' lang='lat' dir='ltr'>aliquot</span> <span class='ocrx_word' id='word_1_182' title='bbox 1298 2969 1495 3030; x_wconf 80' lang='lat' dir='ltr'>recentiorum</span> 
     </span>
     <span class='ocr_line' id='line_1_28' title="bbox 603 3050 885 3116; baseline -0.004 0"><span class='ocrx_word' id='word_1_183' title='bbox 603 3050 784 3116; x_wconf 63' lang='lat' dir='ltr'>Samiorum</span> <span class='ocrx_word' id='word_1_184' title='bbox 799 3055 885 3115; x_wconf 87' lang='lat' dir='ltr'>vitas.</span> 
     </span>
    </p>
   </div>
   <div class='ocr_carea' id='block_1_9' title="bbox 304 3179 1491 3372">
    <p class='ocr_par' dir='ltr' id='par_1_12' title="bbox 304 3179 1491 3372">
     <span class='ocr_line' id='line_1_29' title="bbox 798 3179 1156 3246; baseline 0.006 -4"><span class='ocrx_word' id='word_1_185' title='bbox 798 3185 849 3244; x_wconf 82' lang='lat' dir='ltr'>Ex</span> <span class='ocrx_word' id='word_1_186' title='bbox 864 3182 936 3243; x_wconf 84' lang='lat' dir='ltr'>libro</span> <span class='ocrx_word' id='word_1_187' title='bbox 950 3179 984 3244; x_wconf 83' lang='lat' dir='ltr'>de</span> <span class='ocrx_word' id='word_1_188' title='bbox 998 3182 1156 3246; x_wconf 83' lang='lat' dir='ltr'>miraculis.</span> 
     </span>
     <span class='ocr_line' id='line_1_30' title="bbox 304 3285 1491 3372; baseline -0.004 -19"><span class='ocrx_word' id='word_1_189' title='bbox 304 3306 400 3354; x_wconf 76' lang='lat' dir='ltr'>simeon</span> <span class='ocrx_word' id='word_1_190' title='bbox 416 3306 459 3352; x_wconf 82' lang='lat' dir='ltr'>ab·</span> <span class='ocrx_word' id='word_1_191' title='bbox 510 3287 713 3372; x_wconf 84' lang='lat' dir='ltr'>Temporibus</span> <span class='ocrx_word' id='word_1_192' title='bbox 732 3303 830 3349; x_wconf 86' lang='lat' dir='ltr'>autem</span> <span class='ocrx_word' id='word_1_193' title='bbox 845 3285 948 3350; x_wconf 87' lang='lat' dir='ltr'>nostris</span> <span class='ocrx_word' id='word_1_194' title='bbox 971 3307 1040 3351; x_wconf 89' lang='lat' dir='ltr'>cum</span> <span class='ocrx_word' id='word_1_195' title='bbox 1064 3289 1176 3351; x_wconf 89' lang='lat' dir='ltr'>ibidem</span> <span class='ocrx_word' id='word_1_196' title='bbox 1197 3289 1318 3350; x_wconf 88' lang='lat' dir='ltr'>Simeon</span> <span class='ocrx_word' id='word_1_197' title='bbox 1332 3285 1427 3350; x_wconf 84' lang='lat' dir='ltr'>abbas</span> <span class='ocrx_word' id='word_1_198' title='bbox 1448 3305 1491 3348; x_wconf 88' lang='lat' dir='ltr'>ec-</span> 
     </span>
    </p>
   </div>
   <div class='ocr_carea' id='block_1_10' title="bbox 302 3321 1566 3644">
    <p class='ocr_par' dir='ltr' id='par_1_13' title="bbox 302 3321 1566 3655">
     <span class='ocr_line' id='line_1_31' title="bbox 1565 3321 1566 3372; baseline 0 0"><span class='ocrx_word' id='word_1_199' title='bbox 1565 3321 1566 3372; x_wconf 85' lang='lat' dir='ltr'>l</span> 
     </span>
     <span class='ocr_line' id='line_1_32' title="bbox 1565 3377 1566 3420; baseline 0 0"><span class='ocrx_word' id='word_1_200' title='bbox 1565 3377 1566 3420; x_wconf 75' lang='lat' dir='ltr'>t</span> 
     </span>
     <span class='ocr_line' id='line_1_33' title="bbox 302 3437 1566 3550; baseline -0.004 -21"><span class='ocrx_word' id='word_1_201' title='bbox 302 3446 441 3550; x_wconf 61' lang='lat' dir='ltr'>ffippn</span> <span class='ocrx_word' id='word_1_202' title='bbox 466 3465 501 3530; x_wconf 91' lang='lat' dir='ltr'>iu</span> <span class='ocrx_word' id='word_1_203' title='bbox 515 3485 623 3528; x_wconf 82' lang='lat' dir='ltr'>novam</span> <span class='ocrx_word' id='word_1_204' title='bbox 639 3461 792 3528; x_wconf 87' lang='lat' dir='ltr'>ecclefiam</span> <span class='ocrx_word' id='word_1_205' title='bbox 814 3463 970 3538; x_wconf 80' lang='lat' dir='ltr'>Ricardus,</span> <span class='ocrx_word' id='word_1_206' title='bbox 993 3460 1134 3527; x_wconf 80' lang='lat' dir='ltr'>successor</span> <span class='ocrx_word' id='word_1_207' title='bbox 1154 3465 1228 3544; x_wconf 85' lang='lat' dir='ltr'>ejus,</span> <span class='ocrx_word' id='word_1_208' title='bbox 1251 3463 1376 3525; x_wconf 86' lang='lat' dir='ltr'>ultimus</span> <span class='ocrx_word' id='word_1_209' title='bbox 1402 3463 1490 3526; x_wconf 85' lang='lat' dir='ltr'>abbas</span> <span class='ocrx_word' id='word_1_210' title='bbox 1565 3437 1566 3510; x_wconf 78' lang='lat' dir='ltr'>l</span> 
     </span>
     <span class='ocr_line' id='line_1_34' title="bbox 303 3549 1347 3644; baseline -0.002 -30"><span class='ocrx_word' id='word_1_211' title='bbox 303 3563 428 3614; x_wconf 76' lang='lat' dir='ltr'>Helienfis.</span> <span class='ocrx_word' id='word_1_212' title='bbox 467 3550 598 3634; x_wconf 83' lang='lat' dir='ltr'>ejusdem</span> <span class='ocrx_word' id='word_1_213' title='bbox 612 3553 683 3616; x_wconf 91' lang='lat' dir='ltr'>loci.</span> <span class='ocrx_word' id='word_1_214' title='bbox 728 3549 848 3614; x_wconf 86' lang='lat' dir='ltr'>Exinde</span> <span class='ocrx_word' id='word_1_215' title='bbox 861 3553 940 3614; x_wconf 88' lang='lat' dir='ltr'>enim</span> <span class='ocrx_word' id='word_1_216' title='bbox 953 3549 1056 3616; x_wconf 83' lang='lat' dir='ltr'>statuti</span> <span class='ocrx_word' id='word_1_217' title='bbox 1072 3551 1139 3615; x_wconf 88' lang='lat' dir='ltr'>sunt</span> <span class='ocrx_word' id='word_1_218' title='bbox 1152 3553 1194 3615; x_wconf 90' lang='lat' dir='ltr'>ibi</span> <span class='ocrx_word' id='word_1_219' title='bbox 1207 3549 1347 3644; x_wconf 85' lang='lat' dir='ltr'>episcopi.</span> 
     </span>
    </p>
   </div>
   <div class='ocr_carea' id='block_1_11' title="bbox 273 3654 1517 3765">
    <p class='ocr_par' dir='ltr' id='par_1_14' title="bbox 273 3654 1517 3765">
     <span class='ocr_line' id='line_1_35' title="bbox 273 3654 1517 3765; baseline -0.004 -21"><span class='ocrx_word' id='word_1_220' title='bbox 273 3750 277 3755; x_wconf 63' lang='grc'>,</span> <span class='ocrx_word' id='word_1_221' title='bbox 317 3692 376 3760; x_wconf 77' lang='lat' dir='ltr'>Pag.</span> <span class='ocrx_word' id='word_1_222' title='bbox 387 3703 445 3745; x_wconf 77' lang='lat'>261.</span> <span class='ocrx_word' id='word_1_223' title='bbox 539 3681 590 3742; x_wconf 79' lang='lat' dir='ltr'>Ex</span> <span class='ocrx_word' id='word_1_224' title='bbox 604 3677 676 3762; x_wconf 70' lang='lat' dir='ltr'>libro</span> <span class='ocrx_word' id='word_1_225' title='bbox 689 3698 771 3752; x_wconf 84' lang='lat' dir='ltr'>nono,</span> <span class='ocrx_word' id='word_1_226' title='bbox 792 3654 843 3760; x_wconf 77' lang='lat' dir='ltr'>qai</span> <span class='ocrx_word' id='word_1_227' title='bbox 856 3675 890 3738; x_wconf 77' lang='lat' dir='ltr'>de</span> <span class='ocrx_word' id='word_1_228' title='bbox 904 3676 1052 3740; x_wconf 84' lang='lat' dir='ltr'>ntiraculis</span> <span class='ocrx_word' id='word_1_229' title='bbox 1068 3681 1237 3742; x_wconf 68' lang='lat' dir='ltr'>Sannorum</span> <span class='ocrx_word' id='word_1_230' title='bbox 1250 3675 1422 3762; x_wconf 81' lang='lat' dir='ltr'>Anglorum.</span> <span class='ocrx_word' id='word_1_231' title='bbox 1487 3730 1517 3765; x_wconf 43' lang='grc' dir='ltr'>,Ι</span> 
     </span>
    </p>
   </div>
   <div class='ocr_carea' id='block_1_12' title="bbox 297 3778 1565 4658">
    <p class='ocr_par' dir='ltr' id='par_1_15' title="bbox 297 3778 1565 4658">
     <span class='ocr_line' id='line_1_36' title="bbox 510 3778 1490 3868; baseline -0.001 -23"><span class='ocrx_word' id='word_1_232' title='bbox 510 3781 653 3846; x_wconf 86' lang='lat' dir='ltr'>Rumaldi</span> <span class='ocrx_word' id='word_1_233' title='bbox 667 3783 759 3848; x_wconf 83' lang='lat' dir='ltr'>vitam</span> <span class='ocrx_word' id='word_1_234' title='bbox 777 3780 892 3846; x_wconf 81' lang='lat' dir='ltr'>ridebis</span> <span class='ocrx_word' id='word_1_235' title='bbox 906 3780 1108 3847; x_wconf 82' lang='lat' dir='ltr'>admirandam</span> <span class='ocrx_word' id='word_1_236' title='bbox 1122 3783 1203 3868; x_wconf 86' lang='lat' dir='ltr'>apud</span> <span class='ocrx_word' id='word_1_237' title='bbox 1218 3782 1432 3866; x_wconf 88' lang='lat' dir='ltr'>Buchingham</span> <span class='ocrx_word' id='word_1_238' title='bbox 1445 3778 1461 3844; x_wconf 89' lang='lat' dir='ltr'>s</span> <span class='ocrx_word' id='word_1_239' title='bbox 1477 3813 1490 3827; x_wconf 93' lang='lat'>·</span> 
     </span>
     <span class='ocr_line' id='line_1_37' title="bbox 467 3867 693 3955; baseline -0.013 -21"><span class='ocrx_word' id='word_1_240' title='bbox 467 3891 520 3955; x_wconf 86' lang='lat' dir='ltr'>per</span> <span class='ocrx_word' id='word_1_241' title='bbox 535 3869 589 3933; x_wconf 88' lang='lat' dir='ltr'>flu:</span> <span class='ocrx_word' id='word_1_242' title='bbox 604 3867 693 3932; x_wconf 71' lang='lat' dir='ltr'>Usa„</span> 
     </span>
     <span class='ocr_line' id='line_1_38' title="bbox 854 3983 942 4030; baseline 0.011 -2"><span class='ocrx_word' id='word_1_243' title='bbox 854 3984 877 4030; x_wconf 87' lang='lat' dir='ltr'>S.</span> <span class='ocrx_word' id='word_1_244' title='bbox 889 3983 942 4029; x_wconf 87' lang='lat' dir='ltr'>lvo.</span> 
     </span>
     <span class='ocr_line' id='line_1_39' title="bbox 300 4043 1488 4134; baseline -0.005 -20"><span class='ocrx_word' id='word_1_245' title='bbox 300 4057 417 4134; x_wconf 62' lang='lat' dir='ltr'>Iuventio</span> <span class='ocrx_word' id='word_1_246' title='bbox 508 4047 623 4113; x_wconf 86' lang='lat' dir='ltr'>Lustris</span> <span class='ocrx_word' id='word_1_247' title='bbox 636 4045 703 4132; x_wconf 89' lang='lat' dir='ltr'>post</span> <span class='ocrx_word' id='word_1_248' title='bbox 714 4047 832 4112; x_wconf 89' lang='lat' dir='ltr'>obitum</span> <span class='ocrx_word' id='word_1_249' title='bbox 851 4051 914 4128; x_wconf 87' lang='lat' dir='ltr'>ejus</span> <span class='ocrx_word' id='word_1_250' title='bbox 930 4049 1031 4112; x_wconf 86' lang='lat' dir='ltr'>multis</span> <span class='ocrx_word' id='word_1_251' title='bbox 1049 4063 1183 4131; x_wconf 86' lang='lat' dir='ltr'>tempore</span> <span class='ocrx_word' id='word_1_252' title='bbox 1197 4045 1275 4130; x_wconf 88' lang='lat' dir='ltr'>regis</span> <span class='ocrx_word' id='word_1_253' title='bbox 1290 4043 1422 4129; x_wconf 84' lang='lat' dir='ltr'>longaevi</span> <span class='ocrx_word' id='word_1_254' title='bbox 1437 4045 1488 4108; x_wconf 82' lang='lat' dir='ltr'>AE·</span> 
     </span>
     <span class='ocr_line' id='line_1_40' title="bbox 299 4134 1565 4238; baseline -0.008 -36"><span class='ocrx_word' id='word_1_255' title='bbox 299 4137 408 4238; x_wconf 49' lang='lat' dir='ltr'>{⁰&#39;ll’0‘3</span> <span class='ocrx_word' id='word_1_256' title='bbox 462 4137 585 4213; x_wconf 71' lang='lat' dir='ltr'>denam,</span> <span class='ocrx_word' id='word_1_257' title='bbox 608 4141 663 4220; x_wconf 91' lang='lat' dir='ltr'>qui</span> <span class='ocrx_word' id='word_1_258' title='bbox 679 4155 827 4200; x_wconf 80' lang='lat' dir='ltr'>xxxvn.</span> <span class='ocrx_word' id='word_1_259' title='bbox 847 4134 933 4198; x_wconf 86' lang='lat' dir='ltr'>anuis</span> <span class='ocrx_word' id='word_1_260' title='bbox 947 4137 1094 4220; x_wconf 84' lang='lat' dir='ltr'>regnarit.</span> <span class='ocrx_word' id='word_1_261' title='bbox 1564 4143 1565 4156; x_wconf 64' lang='lat'>¹</span> 
     </span>
     <span class='ocr_line' id='line_1_41' title="bbox 316 4203 1488 4308; baseline -0.004 -19"><span class='ocrx_word' id='word_1_262' title='bbox 316 4223 324 4239; x_wconf 81' lang='lat'><strong><em>‘</em></strong></span> <span class='ocrx_word' id='word_1_263' title='bbox 348 4203 427 4238; x_wconf 66' lang='lat' dir='ltr'>vonis</span> <span class='ocrx_word' id='word_1_264' title='bbox 507 4225 616 4288; x_wconf 61' lang='lat' dir='ltr'>Saucia</span> <span class='ocrx_word' id='word_1_265' title='bbox 624 4245 697 4288; x_wconf 82' lang='lat' dir='ltr'>vero</span> <span class='ocrx_word' id='word_1_266' title='bbox 707 4225 864 4299; x_wconf 88' lang='lat' dir='ltr'>Wulsilda,</span> <span class='ocrx_word' id='word_1_267' title='bbox 875 4222 936 4288; x_wconf 90' lang='lat' dir='ltr'>silia</span> <span class='ocrx_word' id='word_1_268' title='bbox 949 4227 1028 4308; x_wconf 85' lang='lat' dir='ltr'>regis</span> <span class='ocrx_word' id='word_1_269' title='bbox 1041 4223 1162 4308; x_wconf 81' lang='lat' dir='ltr'>Edgari,</span> <span class='ocrx_word' id='word_1_270' title='bbox 1175 4222 1349 4306; x_wconf 83' lang='lat' dir='ltr'>Berchiugae</span> <span class='ocrx_word' id='word_1_271' title='bbox 1363 4218 1425 4284; x_wconf 90' lang='lat' dir='ltr'>suit</span> <span class='ocrx_word' id='word_1_272' title='bbox 1435 4216 1488 4284; x_wconf 86' lang='lat' dir='ltr'>ab·</span> 
     </span>
     <span class='ocr_line' id='line_1_42' title="bbox 461 4310 890 4395; baseline -0.007 -19"><span class='ocrx_word' id='word_1_273' title='bbox 461 4312 575 4389; x_wconf 82' lang='lat' dir='ltr'>batilla,</span> <span class='ocrx_word' id='word_1_274' title='bbox 597 4313 753 4377; x_wconf 62' lang='lat' dir='ltr'>&amp;ibidem</span> <span class='ocrx_word' id='word_1_275' title='bbox 767 4310 890 4395; x_wconf 86' lang='lat' dir='ltr'>sepulta.</span> 
     </span>
     <span class='ocr_line' id='line_1_43' title="bbox 1011 4409 1388 4482; baseline 0 -18"><span class='ocrx_word' id='word_1_276' title='bbox 1011 4417 1029 4464; x_wconf 85' lang='lat' dir='ltr'>s.</span> <span class='ocrx_word' id='word_1_277' title='bbox 1042 4417 1186 4482; x_wconf 74' lang='lat' dir='ltr'>Kineburgae</span> <span class='ocrx_word' id='word_1_278' title='bbox 1197 4409 1223 4464; x_wconf 70' lang='grc' dir='ltr'>δι’</span> <span class='ocrx_word' id='word_1_279' title='bbox 1236 4415 1388 4474; x_wconf 71' lang='lat' dir='ltr'>Kinrswtdae.</span> 
     </span>
     <span class='ocr_line' id='line_1_44' title="bbox 297 4479 1485 4568; baseline 0.002 -24"><span class='ocrx_word' id='word_1_280' title='bbox 297 4491 380 4568; x_wconf 60' lang='lat' dir='ltr'>&#39;ljrbba</span> <span class='ocrx_word' id='word_1_281' title='bbox 391 4491 453 4538; x_wconf 82' lang='lat' dir='ltr'>Bur·</span> <span class='ocrx_word' id='word_1_282' title='bbox 503 4479 1485 4567; x_wconf 70' lang='lat' dir='ltr'>&#39;libbaveropraedisiarumsanslarurncognata,ibidemsepulta.</span> 
     </span>
     <span class='ocr_line' id='line_1_45' title="bbox 297 4554 1397 4658; baseline -0.002 -23"><span class='ocrx_word' id='word_1_283' title='bbox 297 4554 429 4622; x_wconf 53' lang='lat' dir='ltr'>“stiffi“</span> <span class='ocrx_word' id='word_1_284' title='bbox 505 4571 614 4637; x_wconf 72' lang='lat' dir='ltr'>Sausta</span> <span class='ocrx_word' id='word_1_285' title='bbox 626 4572 772 4658; x_wconf 81' lang='lat' dir='ltr'>Edgitha,</span> <span class='ocrx_word' id='word_1_286' title='bbox 795 4571 855 4639; x_wconf 80' lang='lat' dir='ltr'>filia</span> <span class='ocrx_word' id='word_1_287' title='bbox 868 4573 945 4656; x_wconf 79' lang='lat' dir='ltr'>regis</span> <span class='ocrx_word' id='word_1_288' title='bbox 966 4573 1089 4656; x_wconf 81' lang='lat' dir='ltr'>Edgati,</span> <span class='ocrx_word' id='word_1_289' title='bbox 1111 4571 1264 4642; x_wconf 70' lang='lat' dir='ltr'>,Wiltouiae</span> <span class='ocrx_word' id='word_1_290' title='bbox 1279 4568 1397 4656; x_wconf 79' lang='lat' dir='ltr'>pausat.</span> 
     </span>
    </p>
   </div>
   <div class='ocr_carea' id='block_1_13' title="bbox 1441 4719 1490 4782">
    <p class='ocr_par' dir='ltr' id='par_1_16' title="bbox 1441 4719 1490 4782">
     <span class='ocr_line' id='line_1_46' title="bbox 1441 4719 1490 4782; baseline -0.061 0"><span class='ocrx_word' id='word_1_291' title='bbox 1441 4719 1490 4782; x_wconf 77' lang='lat' dir='ltr'>Ex</span> 
     </span>
    </p>
   </div>
   <div class='ocr_carea' id='block_1_14' title="bbox 0 0 1700 5300">
    <p class='ocr_par' dir='ltr' id='par_1_17' title="bbox 0 0 1700 5300">
     <span class='ocr_line' id='line_1_47' title="bbox 0 0 1700 5300; baseline 0 4"><span class='ocrx_word' id='word_1_292' title='bbox 0 0 1700 5300; x_wconf 95' lang='lat' dir='ltr'> </span> 
     </span>
    </p>
   </div>
  </div>
 </body>
</html>
