3392 5300
353 456 421 573 h*
645 500 1321 584 Jouuursusnaunr

473 630 540 697 sum
555 631 608 696 nist
624 634 770 697 violenter
784 632 907 697 excitati
923 634 953 693 dc
969 633 1100 693 revocati
1114 630 1151 695 ab
1167 628 1336 713 hujusmodi
1352 631 1436 715 quasi
1449 630 1496 695 fu·

476 741 543 785 rore
565 726 672 783 reverti
689 743 749 783 uon
773 718 877 795 solent,
901 720 931 780 81
953 721 1036 803 quod
1054 720 1086 780 in
1109 716 1138 782 se
1163 721 1266 782 reversi
1292 721 1368 783 nihil
1389 722 1498 784 horum

476 810 622 884 omnium,
644 830 713 893 qua
728 809 766 873 ab
780 809 825 872 his
841 810 960 871 interim
979 806 1092 890 prolata
1107 806 1184 884 sunt,
1207 808 1245 870 ad
1259 808 1434 871 memoriam
1454 830 1498 871 re-

476 896 634 965 vocabunt.
1559 953 1560 976 ,

349 986 405 1051 Pas·
418 990 458 1035 ⁸²·
522 988 606 1047 Sicut
630 982 755 1058 &olim
776 999 899 1046 extante
916 982 1014 1045 adhuc
1032 984 1189 1045 Britonum
1205 1003 1309 1067 regno,
1332 987 1434 1066 gentis
1448 1005 1499 1047 ex·
1559 985 1560 998 ¹

476 1074 599 1147 cidium,
624 1075 653 1134 ts
670 1088 728 1133 tam
750 1075 903 1134 Saxonum
918 1090 1007 1152 quam
1026 1074 1055 1132 dc
1070 1075 1311 1133 Normannorum
1325 1073 1499 1145 adventum,
1559 1113 1560 1118 κ

477 1160 625 1225 Merlinus
643 1174 781 1239 uterquc,
806 1174 867 1221 tam
887 1158 1167 1243 Oelidoniusquam
1186 1156 1375 1236 Ambrosius,
1398 1162 1499 1223 ratlei-
1559 1169 1560 1222 l

477 1248 579 1319 nando
593 1246 763 1309 declaravit.
827 1264 829 1270 ⁴
913 1319 915 1323 ¹

429 1339 454 1409 il
521 1334 756 1399 Generosrtatem
771 1354 854 1409 vero,
877 1334 1033 1416 &generis
1054 1332 1238 1395 nobilitatem
1255 1354 1316 1416 prae
1330 1333 1422 1397 rebus
1437 1354 1500 1397 om·

477 1425 565 1487 nibus
591 1424 686 1505 magis
714 1436 871 1505 appetunt.
924 1422 1011 1483 Unde
1046 1418 1242 1504 &generosa
1269 1422 1408 1504 conjugia
1434 1424 1500 1505 plus
1559 1443 1560 1506 j

477 1512 568 1594 longe
590 1514 726 1591 cupiunt,
750 1531 841 1593 quam
862 1506 1043 1592 sumptuosa,
1067 1509 1115 1571 vel
1136 1510 1244 1592 opima.
1288 1510 1500 1593 Genealogiam
1559 1519 1560 1574 l

479 1618 603 1687 quoque
617 1599 730 1682 generis
745 1597 789 1661 sui
803 1600 893 1659 etiam
908 1598 945 1659 de
961 1595 1074 1679 populo
1087 1597 1215 1680 quilibet
1230 1593 1374 1671 observat,
1393 1599 1424 1660 8<
1441 1619 1500 1661 nou
1559 1585 1560 1660 i

480 1707 550 1748 avos
573 1684 679 1760 solum,
703 1700 828 1760 attavos,
852 1686 881 1747 &
906 1688 1039 1758 tritavos,
1065 1679 1114 1747 sed
1136 1682 1284 1767 usquead
1308 1681 1432 1760 sextam,
1454 1686 1500 1748 vel
1559 1721 1560 1766 5

481 1771 646 1857 septimam,
670 1774 700 1835 8c
715 1774 792 1835 ultra
807 1773 912 1859 procul
927 1772 1143 1856 generationem
1157 1774 1339 1849 memoriter,
1358 1774 1388 1835 8r
1403 1794 1500 1856 prom·
1559 1791 1560 1796 ’

479 1878 541 1947 pte,
565 1882 659 1945 genus
675 1876 801 1927 enarrat.
833 1861 951 1923 ‘Genus
974 1863 1076 1941 itaque
1093 1857 1293 1943 superomnia
1308 1860 1450 1943 diligunt,
1472 1861 1500 1923 8c
1559 1895 1560 1900 κ

478 1950 588 2012 damna
613 1947 759 2031 sanguinis
783 1952 812 2011 ἃ
836 1949 988 2011 dedecoris
1010 1950 1115 2011 acriter
1129 1943 1322 2013 ulciscuntur.
1366 1949 1499 2011 Vindicis
1559 1957 1560 2032 j

477 2039 559 2101 enim
575 2037 665 2099 adimi
680 2034 757 2112 sunt,
781 2039 809 2099 81
825 2038 876 2099 irae
890 2054 1031 2098 cruenrae.
1559 2067 1560 2122 3

523 2128 594 2187 Non
611 2126 692 2197 urbe,
710 2146 769 2186 non
785 2126 863 2202 vico,
880 2144 944 2186 non
960 2122 1059 2188 castris
1073 2119 1257 2201 cohabitant,
1273 2120 1322 2185 sed
1336 2120 1422 2206 quasi
1437 2121 1499 2186 soli·
1559 2133 1561 2194 i

479 2212 554 2284 tatii,
580 2208 663 2291 sylvis
681 2212 834 2295 iuhaerent.
1559 2207 1560 2246 Ὗ

523 2300 618 2363 Teda
642 2301 777 2374 viminea,
801 2298 903 2362 usibus
917 2299 1021 2362 annuis
1043 2294 1223 2375 sufficientia,
1245 2297 1364 2361 modico
1379 2312 1441 2360 tam
1461 2296 1498 2360 la·
1559 2319 1560 2398 p

466 2387 553 2471 ⁴bore
569 2408 659 2471 quam
675 2386 794 2470 sumptu
810 2388 983 2449 councdiere
1000 2408 1065 2449 mos
1080 2385 1132 2449 est.
1559 2419 1560 2432 κ

523 2480 593 2563 Nou
609 2478 749 2557 pomariis
761 2490 899 2549 utuntur,
916 2496 977 2537 non
993 2476 1099 2548 hortis,
1115 2489 1314 2556 utrorumque
1330 2488 1430 2537 tamen
1441 2471 1499 2537 sru·
1559 2487 1560 2558 t

481 2562 589 2636 stibus,
614 2564 655 2623 eis
671 2562 789 2625 aliunde
804 2563 958 2643 porredlis,
982 2563 1108 2623 libenter
1127 2562 1202 2624 vesci
1216 2559 1320 2625 solent.
1559 2575 1560 2638 ζ

525 2651 614 2734 Agris
627 2651 720 2734 igitur
731 2659 859 2712 ‘utuntur
872 2651 1032 2732 plurimum
1048 2646 1171 2734 pascuis,
1185 2671 1290 2736 parum
1300 2651 1401 2714 cultis.
1436 2648 1501 2715 Flo·
1559 2654 1560 2735 ff

479 2737 553 2801 tidis
570 2757 664 2820 parce,
688 2737 805 2800 consitis
819 2738 990 2820 parcishme.
1559 2750 1560 2769 ¹

492 2817 498 2826 ’
528 2829 623 2887 Boves
638 2840 738 2887 autem
753 2827 790 2887 ad
803 2842 909 2901 aratra,
923 2827 966 2888 vel
980 2824 1116 2908 plaustra,
1129 2847 1189 2889 non
1202 2822 1503 2910 biuosjungunt,·sed
1559 2828 1560 2897 l

483 2928 655 2998 quaternos,
679 2912 861 2976 stimulatore
876 2916 1067 2998 praeambulo,
1090 2912 1139 2977 sed
1155 2915 1340 2996 retrogrado.
1559 2912 1560 2923 ’

528 3000 664 3064 Falcibus
679 3023 801 3084 quoque
812 3003 910 3065 minus
925 3017 1051 3064 utuntur
1064 3003 1102 3065 ad
1114 3002 1297 3076 metendum,
1314 3000 1381 3084 plus
1393 3017 1503 3075 autem,
1559 3002 1560 3071 i

431 3095 457 3168 1
483 3088 709 3177 &expeditius
733 3088 814 3152 scrro
829 3091 961 3174 quodam
976 3089 1104 3163 modico,
1127 3091 1159 3152 in
1176 3089 1289 3152 cultelli
1304 3090 1429 3152 modum
1445 3089 1504 3152 sor·
1559 3080 1560 3167 i

483 3181 581 3261 mato,
599 3177 710 3240 baculis
726 3178 804 3240 binis
819 3180 856 3240 ad
868 3179 966 3260 capita
979 3177 1084 3240 laxe&
1097 3176 1265 3239 flexibiliter
1279 3177 1450 3242 cathenato.
1559 3234 1560 3255 ,

527 3268 575 3327 De
590 3265 725 3347 quolibet
740 3285 815 3348 pane
827 3265 963 3350 apposito
974 3267 1103 3347 primum
1117 3263 1267 3327 fradiionis
1278 3267 1423 3349 angulum
1432 3285 1506 3350 pau·
1559 3316 1560 3331 2

482 3353 605 3437 peribus
619 3346 701 3416 dani.
1427 3378 1431 3387 ¹
1559 3398 1560 3403 η

526 3442 600 3504 Viro
614 3441 736 3505 cuilibet
751 3439 896 3524 religios0,
912 3440 1070 3516 monacho,
1084 3439 1131 3503 vel
1144 3439 1263 3514 clerico,
1278 3439 1325 3502 vel
1337 3440 1508 3524 cuicunque
1559 3520 1560 3527 ἵ

454 3531 458 3538 ’
482 3527 620 3593 habitum
639 3529 788 3613 religionis
812 3529 989 3613 praeferenti,
1012 3549 1081 3590 cum
1104 3524 1223 3591 obviam
1238 3530 1372 3602 veniunt,
1395 3526 1504 3600 statim,
1559 3548 1560 3609 ;

483 3617 623 3699 projectis
639 3621 736 3692 armis,
760 3617 998 3680 benedistioucm
1019 3637 1130 3678 cernuo
1149 3618 1246 3698 capite
1260 3629 1376 3699 petunt.
1421 3614 1506 3700 Epis·
1559 3628 1560 3677 ἶ

484 3704 619 3786 copalem
635 3725 705 3767 vero
720 3703 987 3778 confirmationem,
1011 3706 1041 3765 dc
1054 3701 1205 3778 crismatis,
1229 3723 1287 3787 qua
1306 3703 1404 3786 gratia
1418 3704 1509 3766 datur
1559 3764 1560 3775 ,

484 3787 615 3874 spiritus,
638 3792 839 3854 iuundiioncur
862 3812 923 3876 prae
946 3791 1003 3854 alia
1024 3807 1113 3876 gente
1135 3805 1217 3855 totus
1232 3791 1364 3875 populus·
1382 3811 1505 3876 magno·
1559 3792 1560 3869 l

483 3899 555 3964 pere
569 3881 656 3962 petit.
1559 3872 1560 3955 i

529 3965 666 4030 Ecclesiae
677 3987 747 4030 vero
762 3969 899 4054 majores,
912 3967 1022 4051 quibus
1037 3967 1178 4046 majorem
1193 3965 1354 4048 antiquitas
1368 3965 1505 4032 exhibuit
1559 3976 1560 4047 t

484 4057 690 4130 reverentiam,
712 4055 908 4138 aquantum“
929 4070 1061 4117 armenta
1075 4075 1159 4117 mane
1181 4054 1220 4117 ad
1242 4050 1349 4137 pascua
1363 4057 1457 4132 exire,
1478 4051 1506 4116 dt
1559 4096 1560 4103 κ

484 4139 602 4224 vespere
616 4141 712 4204 redire
727 4143 856 4226 possunt,
880 4164 982 4226 pacem
1001 4143 1143 4227 praebent.
1559 4156 1560 4221 j

464 4224 467 4232 ’
528 4231 695 4292 Heremitas
718 4246 816 4295 autem
834 4233 864 4294 bc
884 4234 1076 4295 anachoretas
1090 4229 1274 4295 abstinentia
1293 4229 1423 4312 majoris,
1446 4245 1506 4293 ma·
1559 4238 1560 4315 i

447 4327 450 4335 '
483 4313 587 4402 gisquc
601 4313 772 4401 spirituales,
796 4341 857 4382 non
874 4321 986 4387 rideas.

832 4457 931 4523 Concita
944 4482 969 4521 ro
979 4458 1070 4538 primi
1081 4453 1159 4519 libri,

237 4640 242 4649 '
323 4577 450 4699 &stiffi
526 4581 613 4658 femi
633 4584 735 4672 itaque
755 4605 839 4672 8⁶⁰⁵,
862 4585 894 4649 &1
912 4583 1074 4659 fortunata,
1096 4602 1169 4668 gens
1193 4600 1260 4648 rere
1281 4576 1506 4733 utraquebsoppe
1559 4588 1560 4621 r

919 4708 933 4739 a
976 4690 1119 4741 uatenttsal.
1431 4689 1465 4732 ea
1494 4705 1504 4737 ¹
1559 4698 1560 4707 ,
