3392 5300
329 589 396 665 ,34
650 558 954 642 Jounnrs
1008 560 1336 652 nunaunt

375 710 396 770 1
514 706 557 768 Et
571 718 693 789 propter
702 698 950 765 hocconsrderavi
962 718 1057 763 unum
1066 699 1292 777 adolescentem,
1305 700 1500 787 quemquitr·

310 772 440 888 ffli-
472 796 602 879 queunt
625 790 675 856 sex
696 790 801 853 instrui
817 787 875 851 feci
896 790 927 851 iu
941 790 1062 875 linguis,
1087 790 1117 852 81
1131 792 1359 866 mathematicis,
1384 792 1415 853 ἃ
1434 810 1501 876 per·

309 857 380 953 enfil.
402 906 450 953 Hic
471 881 616 967 specillis,
640 881 671 944 in
685 880 799 963 quibus
812 877 855 941 est
870 892 932 939 tota
947 876 1106 939 difficultas
1120 900 1225 955 earum
1238 900 1308 961 quae
1322 880 1425 943 mitto.
1558 859 1559 925 l

307 972 466 1046 «annuens
515 976 594 1033 Nam
607 971 713 1051 procul
724 968 821 1029 dnbio
831 966 932 1028 nullus
946 964 988 1027 est
1002 967 1077 1028 inter
1085 968 1221 1042 Latinos,
1237 970 1333 1050 quiin
1345 966 1498 1043 omnibus,

308 1037 460 1151 {ffitss
472 1080 542 1142 quae
565 1056 672 1133 scribo,
695 1056 782 1140 possit
803 1054 842 1116 ad
858 1068 903 1116 tot
917 1051 1101 1137 respondere,
1125 1070 1250 1139 propter
1263 1054 1391 1119 modum
1406 1078 1501 1142 quem
1559 1081 1560 1123 l

308 1179 380 1233 pom
392 1170 444 1219 tto:
473 1164 571 1222 teneo,
593 1150 624 1209 &
638 1147 709 1229 quia
723 1165 794 1207 eum
807 1142 943 1207 instruxi.
1009 1164 1020 1175 ·
1559 1136 1560 1163 ¹

513 1234 660 1321 Qamvis
675 1234 781 1315 uiginti
795 1252 952 1305 annorum,
977 1244 1029 1293 aut
1044 1248 1096 1295 21.
1112 1230 1150 1293 ad
1165 1232 1244 1314 plus.
1560 1303 1561 1317 ἶ

513 1328 586 1386 Non
600 1320 738 1385 remansit
753 1341 832 1381 unus
847 1318 973 1393 Parisiis,
995 1318 1050 1400 qui
1066 1319 1135 1402 plus
1149 1322 1231 1382 novit
1248 1318 1285 1380 de
1303 1317 1498 1405 philosophie

469 1412 631 1485 radicibus,
654 1411 781 1493 quanvis
794 1408 883 1470 flores
899 1409 930 1469 a
945 1405 1063 1470 sruslus
1077 1428 1139 1470 non
1152 1408 1225 1471 dum
1239 1408 1419 1491 produxerit
1433 1430 1497 1493 pro

470 1516 538 1586 pter
547 1498 712 1579 juvenilem
724 1511 855 1559 aetatem.
1561 1528 1562 1553 1

512 1589 636 1667 Juvenis
655 1606 667 1647 1
675 1605 706 1669 ς.
728 1604 878 1649 annorum
892 1585 972 1647 venit
991 1582 1031 1647 ad
1051 1604 1110 1661 me,
1133 1584 1164 1647 dt
1177 1604 1291 1670 pauper
1310 1602 1374 1649 non
1387 1583 1499 1650 babens

469 1675 549 1738 uude
562 1677 686 1738 viveret.
1156 1730 1160 1735 .

895 1759 1059 1825 Lelandus.

514 1851 614 1913 Multa
641 1851 754 1915 ibidem
781 1846 884 1913 scribit
909 1853 1010 1912 Bacon
1033 1850 1072 1912 de
1099 1850 1263 1915 continenti
1289 1850 1352 1914 vim
1376 1851 1499 1934 Jonnuis

470 1939 679 2003 Londinenfis.

307 1990 429 2106 Manli,
515 2032 557 2090 Et
580 2030 672 2109 paulo
690 2026 757 2111 post
779 2026 893 2091 ibidem
916 2024 1014 2089 obiter
1033 2024 1134 2089 laudat
1146 2025 1301 2090 Adamum
1320 2024 1360 2089 de
1373 2024 1500 2092 Marisco

308 2121 421 2170 narseo.
471 2114 707 2179 franciscanum.

273 2274 278 2281 ,
308 2220 430 2270 unbertus
504 2206 626 2266 Nullus
640 2201 782 2277 scientias,
805 2200 860 2265 nili
875 2203 1014 2267 dominus
1028 2203 1180 2266 Robertus
1191 2198 1345 2287 episcopus
1357 2200 1496 2268 Liucoln

307 2286 403 2354 &9⁵²⁰-
469 2313 524 2376 per
548 2292 766 2376 longitudinem
789 2292 857 2351 uitae
876 2295 906 2355 ἃ
930 2292 1134 2373 experientiae,
1156 2292 1186 2354 dc
1209 2290 1438 2369 studiofitatem,
1469 2295 1499 2355 dr

469 2379 666 2463 diligentiam,
697 2382 771 2463 quia
791 2376 876 2441 scivit
900 2380 1142 2443 mathematicam
1163 2380 1193 2441 dc
1215 2378 1439 2462 perspeslivam,
1469 2384 1498 2444 dc

468 2470 570 2551 potuit
593 2470 695 2533 omnia
716 2467 788 2529 scire
810 2467 898 2530 simul
919 2488 991 2531 cum
1013 2467 1082 2543 hoc,
1104 2466 1187 2551 quod
1210 2482 1328 2529 tantum
1349 2466 1437 2530 scirit
1461 2470 1498 2532 de

467 2557 590 2639 linguis,
623 2556 708 2639 quod
728 2555 829 2637 potuit
847 2557 1013 2639 intelligere
1038 2552 1164 2631 sandius,
1188 2555 1217 2617 dt
1240 2553 1447 2638 philosophos,
1469 2558 1500 2621 dc

467 2641 613 2726 sapientes
634 2646 787 2728 antiquos.
831 2645 891 2707 Sed
907 2667 968 2708 non
982 2644 1058 2707 bene
1072 2642 1155 2707 scivit
1173 2644 1291 2727 linguas
1304 2660 1341 2706 ut
1360 2640 1496 2708 transser-
1566 2659 1567 2662 ’

468 2748 527 2806 ret,
549 2733 604 2795 nifi
618 2735 697 2795 circa
712 2732 853 2794 ultimum
871 2733 939 2795 vitae
954 2730 1022 2808 suae,
1046 2734 1169 2815 quando
1182 2735 1297 2794 vocavit
1311 2737 1446 2809 Graecos,
1467 2736 1497 2800 ἃ

467 2818 541 2883 secit
551 2819 646 2883 libros
656 2821 869 2883 Grammatioae
879 2826 991 2884 Gr-aecae
1000 2823 1038 2882 de
1047 2820 1278 2883 Graecia&aliis
1289 2821 1477 2905 congregari.

321 2918 380 2985 rag.
393 2924 450 2977 κερ.
512 2910 574 2970 Alii
594 2929 673 2984 rao,
695 2911 750 2991 qui
764 2907 880 2971 infinita
894 2912 926 2974 in
942 2912 1084 2972 Latinum
1098 2923 1316 2983 converterunt,
1338 2925 1376 2971 ut
1389 2913 1496 2972 Gerar-

302 2988 423 3099 Μωὲω
469 2995 526 3060 dus
541 2996 758 3073 Cremonensis,
777 2998 910 3076 Micha'e'l
929 3002 1048 3074 Scotus,
1069 2997 1222 3061 Aluredus
1240 2999 1401 3081 Anglicus,
1423 3001 1495 3062 Her·

303 3114 383 3181 Angl:
468 3106 595 3150 mannus
611 3086 805 3149 Alemauuus.
1217 3112 1222 3144 i

303 3182 411 3258 loannes
511 3177 590 3236 Puer
611 3195 684 3238 vero
697 3179 827 3255 Joannes
841 3175 966 3256 pomvit
980 3171 1152 3255 crystallum
1165 3171 1335 3256 sphericum
1355 3173 1396 3236 ad
1409 3193 1495 3257 expe·

303 3248 449 3298 laudamus.
468 3264 616 3338 tiendum,
639 3265 670 3324 8r
684 3261 806 3324 instruxi
820 3284 894 3324 eum
908 3263 938 3325 in
952 3261 1245 3324 demonstratione&
1263 3260 1440 3344 figuratione
1454 3263 1494 3324 rei

466 3355 604 3416 occulsae.
648 3354 713 3413 Nec
726 3348 769 3412 est
783 3350 892 3432 aliquis
914 3350 946 3412 in
961 3368 1026 3413 tota
1041 3350 1137 3424 ltalia,
1159 3369 1212 3412 aut
1227 3349 1343 3413 Parisiis
1363 3349 1428 3414 duo
1442 3351 1493 3436 qui

468 3442 590 3525 possunt
603 3440 674 3502 dare
688 3438 817 3502 onnam
830 3437 1022 3503 sufficientem
1036 3441 1068 3500 in
1082 3439 1139 3501 hac
1153 3455 1248 3522 parte.

585 3595 613 3653 Ε
626 3589 715 3653 libello
728 3589 847 3673 Rogerii
861 3590 983 3650 Bacenis
1001 3587 1036 3650 dc
1048 3585 1233 3668 desi-riptiunc
1245 3583 1379 3648 locorum.

511 3726 691 3788 Ptolemaeus
704 3725 736 3785 in
751 3719 924 3806 Almagesto
937 3722 975 3784 de
990 3722 1075 3804 plana
1087 3721 1198 3783 aravit
1212 3719 1251 3780 de
1265 3715 1325 3778 fitu
1335 3714 1494 3779 Britanniae

467 3815 591 3894 Maioris
604 3814 633 3876 d:
647 3815 783 3886 Minoris,
806 3810 882 3872 ficut
894 3808 937 3870 est
951 3808 1140 3871 manifestum
1152 3807 1285 3869 cuilibet.

512 3911 629 3986 Sequar
643 3899 767 3964 fratrem
793 3897 979 3982 praedidium,
1002 3918 1094 3980 quem
1113 3917 1168 3960 rex
1189 3899 1295 3957 Franc:
1320 3888 1495 3954 Ludovicus

468 3992 547 4056 milit
556 3993 596 4052 ud
605 3993 748 4052 Tartatos
761 4008 842 4050 anno
852 3992 892 4050 D.
911 4005 949 4049 12
955 4005 973 4070 ς
978 4007 1008 4068 3.
1021 3989 1075 4068 qui
1090 3982 1276 4067 perlustravit
1290 3981 1428 4063 regiones
1438 3976 1495 4042 uti·

466 4083 543 4144 entis
556 4080 585 4141 ἃ
598 4078 759 4160 aquilonis,
782 4075 893 4166 &loca
908 4074 939 4138 in
949 4075 1051 4137 medio
1065 4073 1169 4136 mundi
1183 4073 1230 4134 his
1245 4089 1375 4134 annexa.

509 4167 612 4230 Mauri
628 4165 754 4228 barbare
768 4185 823 4247 pro
835 4164 948 4228 Medis.

508 4255 598 4317 Unde
609 4256 648 4316 ad
662 4252 813 4316 Pelusium
822 4272 882 4314 uua
893 4273 962 4334 pars
972 4249 989 4314 s
987 4273 1039 4333 up:
1053 4249 1118 4314 Nili
1128 4245 1291 4323 descendit,
1307 4247 1337 4309 ἃ
1348 4242 1389 4308 ad
1398 4246 1496 4308 Mens

467 4344 564 4429 phin,
587 4362 657 4426 quae
670 4341 714 4406 cst
724 4341 876 4417 Damieta,
899 4341 1035 4404 recurrit.

508 4523 538 4584 E
549 4518 623 4579 libro
636 4519 760 4580 Batonis
772 4514 809 4580 de
819 4516 955 4578 utilitate
973 4515 1143 4600 lingnam
1164 4511 1224 4602 (fic
1236 4513 1312 4578 erim
1327 4510 1498 4592 inscriptura

553 4604 678 4686 inveni)
692 4607 744 4687 qni
756 4604 832 4668 nlius
845 4603 885 4682 est
898 4605 936 4665 ab
951 4605 1064 4685 epistola
1077 4604 1163 4687 lunga
1174 4625 1261 4687 quam
1273 4599 1316 4664 ad
1325 4599 1498 4662 Clerrreutem

491 4785 499 4798 ,
554 4691 746 4777 escun.
781 4691 985 4850 mimz»,
1001 4691 1192 4764 aarum
1204 4691 1314 4778 nir.
1330 4681 1499 4840 Ἢ
