3392 5300
305 501 665 597 ANTIQUARII
710 506 1145 588 contueremur(
1318 524 1399 610 221¹

203 647 247 714 Ibi
263 641 442 730 subrogatus
455 642 611 726 episcopus
626 641 677 707 est.
723 643 779 704 Per
794 641 877 714 huuc
891 643 1037 706 vetustam
1055 641 1242 727 episcopatus

201 732 357 810 ecclesiam
379 753 448 794 cum
467 730 581 802 fabrica
607 722 760 809 adjacente
782 727 937 805 subvertit,
961 734 991 793 dc
1015 751 1091 803 nova
1110 731 1240 815 quaque

202 823 355 896 extruxit.
391 819 532 894 Clericus,
549 819 603 900 qui
617 817 710 893 illhic,
726 816 803 878 srcut
817 818 963 894 diximus,
979 819 1118 902 agebant,
1138 836 1190 881 aut
1205 819 1241 893 iu

200 911 314 985 eodem
337 907 405 970 loco
420 907 457 968 ad
474 907 625 988 religionis
639 906 758 968 culmen
773 907 877 981 erexit,
891 921 954 979 aut,
971 907 1046 968 datis
1061 909 1125 969 aliis
1138 907 1239 983 rebus,

203 999 243 1060 de
259 997 373 1081 quibus
387 995 587 1057 abundantius
601 990 688 1055 solito
703 992 817 1055 visium
833 995 863 1054 dc
877 993 1017 1057 vestitum
1032 995 1185 1071 haberent,
1208 997 1243 1065 in

201 1087 262 1164 alia
280 1085 345 1147 loca
359 1084 496 1154 mutavit.
544 1081 650 1152 ,Sedern
666 1082 775 1148 etenim
795 1077 991 1166 episcopalem
1011 1083 1177 1145 monachici
1190 1103 1243 1144 or·

204 1173 288 1236 dinis
303 1171 389 1234 cultu
404 1167 541 1244 instituit,
564 1188 597 1230 ac
610 1168 754 1254 delegatis
770 1169 900 1234 terris&
916 1170 989 1242 aliis,
1012 1191 1080 1252 quae
1099 1167 1241 1244 sustenta·

203 1262 282 1326 tioni
303 1259 388 1334 illhic
414 1255 603 1330 servientium
626 1256 684 1330 deo
705 1257 927 1340 competebant,
956 1256 1079 1322 divitem
1101 1258 1140 1321 de
1165 1279 1241 1340 pau·

203 1369 288 1434 pere,
303 1345 461 1418 sublimem
476 1345 515 1408 de
529 1343 647 1420 humili,
670 1343 746 1417 ficut
760 1341 941 1429 inpraesenti
956 1345 1093 1420 habetur,
1107 1344 1218 1412 effecit.

205 1437 209 1444 '
251 1435 312 1499 Sed
332 1435 417 1517 quod
434 1432 471 1495 de
487 1433 666 1516 pauperibus
681 1447 696 1481 a
711 1431 784 1494 soris
800 1447 902 1496 muros
923 1433 1050 1496 civitatis
1070 1435 1243 1508 cantuariae

202 1521 289 1600 secir,
313 1519 605 1606 praetermittendum
620 1520 695 1594 mihi
718 1522 748 1584 in
764 1519 822 1596 hoc
836 1541 926 1603 opere
940 1519 1005 1583 sore
1024 1543 1086 1585 non
1099 1522 1239 1591 arbitror.

203 1615 304 1689 Extra
318 1604 518 1693 aquilonalem
533 1608 661 1691 denique
684 1623 803 1692 portam
819 1608 901 1672 urbis
923 1609 1004 1674 illius
1019 1609 1165 1694 lapideam
1185 1613 1241 1674 do·

176 1715 181 1725 ·
203 1721 292 1764 mum
314 1699 470 1760 decentem
493 1695 664 1778 &amplam
679 1695 910 1770 construxisse
931 1699 958 1760 ei
982 1718 1037 1780 pro
1050 1696 1173 1760 diverfis
1188 1721 1241 1762 ne·

202 1787 431 1869 pelhtudinibus
450 1784 607 1847 hominum
621 1781 944 1859 &commoditatibusl
956 1785 1124 1849 habitacula
1138 1785 1242 1868 plura‘'

203 1897 276 1940 cum
300 1869 427 1958 spatiosa
448 1887 534 1934 curte
561 1873 679 1953 adjecit.
725 1875 792 1934 Hoc
812 1871 955 1954 palatium
977 1873 1007 1935 in
1031 1874 1094 1935 duo
1117 1873 1238 1949 divisrt3
1324 1939 1328 1948 ,

203 1967 287 2028 viros
301 1963 451 2035 videlicet,
475 1959 563 2038 uariis
584 1960 794 2035 infirmitatum
814 1959 1011 2044 qualitatibus
1028 1960 1148 2043 pressos,
1172 1954 1238 2036 uni,

204 2053 286 2135 parti
301 2072 372 2113 vero
387 2049 470 2111 alteri
484 2045 616 2124 seminas,
635 2043 664 2110 se
677 2047 753 2111 male
768 2047 921 2122 habentes,
944 2045 1109 2111 instituens.
1145 2051 1240 2112 Ordi-

203 2142 288 2220 navit
311 2138 402 2219 etiarn
416 2139 457 2198 eis
476 2135 514 2199 de
527 2134 581 2199 suo
596 2133 734 2214 vestitum
750 2137 779 2198 δι
803 2135 917 2210 rislum
931 2136 1157 2220 quotidianum,
1180 2138 1238 2201 mi-

202 2227 313 2292 nistros
326 2246 452 2311 quoque
472 2245 507 2286 ac
521 2220 667 2287 custodes.
711 2242 714 2251 ’

249 2320 301 2380 Ex
314 2315 406 2378 altera
426 2333 498 2375 vero
513 2327 597 2394 parte
611 2311 666 2373 viae
688 2310 837 2388 ecclefiam
852 2313 884 2374 in
906 2311 1050 2375 honorem
1066 2311 1147 2375 beati
1161 2315 1237 2376 Gre

203 2404 285 2487 gorii
296 2399 575 2485 papaecomposui13
591 2402 691 2482 inqua
703 2403 870 2461 Canonicos
879 2397 987 2483 posuit,
997 2400 1052 2482 qui
1064 2400 1238 2483 regulariter

198 2493 352 2566 viverent,
376 2492 406 2550 δε
429 2485 560 2570 praesatis
575 2487 713 2562 infirmis,
735 2507 804 2570 quae
825 2484 913 2551 saluti
931 2490 1097 2551 animarum
1117 2485 1238 2565 suarum

203 2592 415 2663 congruerent,
439 2596 509 2655 curn
523 2572 675 2659 sepultura
690 2575 898 2640 ministrarent.
1145 2644 1147 2655 Ι

137 2734 140 2738 ,
250 2670 409 2730 Remotius
423 2686 495 2727 vero
509 2685 601 2747 quam
613 2664 630 2726 a
640 2664 754 2728 boreali
769 2666 807 2726 ab
820 2663 997 2732 occidentali
1011 2655 1098 2751 porta
1108 2664 1237 2734 civitatis
1258 2682 1316 2751 Peg.
1328 2700 1387 2745 19⁷·

204 2757 322 2841 ligneas
338 2755 444 2816 domus
459 2755 489 2815 in
508 2755 624 2817 devexo
637 2754 749 2827 montis
764 2752 854 2823 latere
866 2750 1024 2831 fabricans,
1045 2776 1093 2821 eas
1107 2754 1147 2817 ad
1160 2774 1238 2840 opus

204 2840 391 2931 leprosorum
405 2840 562 2927 delegavit.
596 2838 617 2847 “’
1017 2870 1020 2874 -

601 2950 617 3013 i,
630 2967 650 2999 e.
663 2962 689 2999 ut
699 2948 881 3019 privilegiorum
894 2951 985 2999 chartas
996 2927 1118 3014 repararet.
1210 2993 1213 2998 .

249 3022 315 3105 Qi
337 3040 375 3081 eo
398 3017 522 3101 quidem
548 3021 643 3099 magis
667 3023 698 3080 in
722 3018 782 3081 istis
812 3018 970 3092 laboravit,
1001 3019 1086 3101 quod
1110 3018 1236 3112 antiqua

201 3110 296 3194 ipsius
324 3108 451 3170 ecclesiae
474 3104 628 3189 privilegia
653 3108 684 3168 in
710 3126 743 3169 ea
768 3106 876 3167 consia-
941 3148 1403 3218 Ecdefiffiosalvatorisoerame

202 3198 358 3283 gratione,
376 3214 467 3278 ,quae
488 3194 614 3256 eandem
641 3193 790 3257 ecclesiam
823 3197 875 3275 3².
921 3253 981 3299 tem
1004 3259 1056 3299 ore
1066 3237 1274 3301 Lanfiancico

202 3301 274 3351 ante
303 3282 347 3346 sui
374 3282 514 3353 introitus
539 3301 650 3345 annum
678 3279 859 3377 consumpsit
866 3328 876 3358 ,
898 3292 901 3297 ·
920 3327 974 3387 vit·
983 3240 1403 3412 bonventusprincidfflss
1424 3330 1429 3340 ι

202 3396 282 3477 pene
297 3390 397 3436 omma
410 3382 588 3447 anterrerant.
861 3457 863 3468 ,
919 3414 1061 3497 querelis,
1077 3411 1276 3479 &Lanfranto
1287 3417 1402 3499 dejure
1468 3447 1470 3452 ’

247 3546 403 3635 Disposrto
428 3548 531 3631 itaque
548 3547 630 3630 apud
652 3492 785 3625 Piddeue
804 3566 876 3609 con·
920 3499 1071 3634 “flisuae
1084 3500 1234 3565 adduais'

202 3654 300 3704 ventu
314 3634 495 3721 principum,
516 3636 572 3701 &e
869 3711 873 3718 f

249 3730 332 3790 Nam
347 3746 430 3798 mox,
447 3740 481 3786 ut
494 3724 560 3796 alia,
584 3743 654 3807 quae
669 3742 823 3807 perperam
834 3721 929 3809 gessit,
947 3718 1129 3795 tomittamn,
1144 3718 1237 3803 ipsam

204 3816 299 3880 totius
314 3814 444 3897 Angliae,
473 3814 589 3890 Scotiae,
610 3812 639 3873 dc
656 3812 818 3888 Hiberniae,
837 3830 929 3873 necne
942 3811 1139 3890 adjacentium
1159 3806 1238 3872 insu·

235 3912 238 3917 ¹
426 3928 431 3934 “
957 3920 1009 3968 sub:
1020 3918 1080 3967 Gul:
1092 3921 1183 3968 Rufus.

204 3989 305 4053 larum
321 3985 337 4034 d
353 3981 792 4065 matrem‘'‚eecles1amscilicet
808 3993 952 4055 Cantuatr
968 3986 1082 4062 invasit.

251 4080 372 4165 Quarto
387 4079 463 4139 inter
478 4076 543 4140 haec
562 4098 642 4139 anuo
655 4080 758 4159 Hugo,
781 4097 882 4139 comes
897 4074 1066 4149 Castrensis,
1089 4075 1190 4139 volens
1204 4074 1236 4141 in
1301 4093 1303 4098 '

205 4165 406 4249 suaqnadam
421 4163 539 4230 ecclesa
553 4164 771 4227 monachorum
795 4165 946 4227 abbatiam
962 4162 1124 4237 instituere,
1147 4164 1236 4227 missis

205 4258 341 4317 Beccum
368 4251 490 4327 nuntiis,
521 4254 639 4337 rogavit
661 4251 800 4317 abbatem
824 4251 1001 4315 Anselmunr
1021 4252 1166 4334 Angliam
1187 4274 1237 4315 vo·
1293 4249 1359 4299 setim

206 4341 282 4419 nire,
305 4340 409 4403 locum
433 4338 581 4421 inspicere,
605 4359 737 4423 eumque
761 4362 813 4425 per
837 4338 999 4406 monachos
1021 4336 1088 4402 suos
1111 4340 1240 4425 regulari
1281 4327 1375 4372 ventus,

205 4424 431 4505 conversatione
446 4424 618 4493 informare.
1133 4470 1137 4485 .
1292 4481 1298 4491 .

250 4513 410 4579 Pr'osestus
425 4513 518 4605 igitur
531 4537 611 4580 mare
631 4516 744 4596 transit,
767 4518 797 4579 dr
811 4513 917 4579 Dosris
930 4514 1069 4601 appulsus
1083 4515 1136 4581 esi.
1252 4516 1338 4565 notris
1349 4530 1405 4582 1²⁰¹*
1421 4503 1443 4516 ”

257 4632 408 4707 ,aaran
442 4632 721 4719 luxuriantium,
755 4636 821 4707 rue
835 4633 954 4703 masau.
988 4621 1116 4692 turra
1129 4632 1208 4770 {aph
1252 4593 1300 4641 tua

609 4735 611 4739 '
1026 4749 1028 4752 ·
1171 4724 1242 4786 *ssa

1100 4807 1103 4814 r
