3392 5300
332 470 403 533 aa
650 455 1336 550 Jonnursnanaunr

567 590 625 657 lile
639 587 739 655 serena
754 565 856 652 tenens
872 602 1015 669 pereunte
1033 586 1188 668 tyrannide
1203 608 1293 671 regua

567 676 715 744 Terrestri
731 677 890 740 aetheream
904 674 984 740 sacer
1003 696 1110 761 aggere
1125 675 1392 763 condiditurbem,

568 770 672 849 Atque
686 766 816 829 humiles
829 763 913 827 celfis
927 762 1030 827 statuit
1045 760 1100 827 sub
1114 764 1265 833 moenibus
1279 765 1368 827 aedes.

544 868 572 927 E
586 862 668 929 Beda
682 862 816 927 tiberiade
829 864 904 927 vitis
921 860 1076 935 Benedisii,
1099 859 1242 944 Ceoffridi,
1258 863 1449 943 Eassetwinl,

740 949 883 1037 sigfridi,
900 972 942 1015 aar
956 950 1086 1039 Haberri
1098 950 1246 1015 abbatam.

523 1054 652 1116 Terram
667 1046 739 1113 osio
753 1046 938 1111 familiarum
949 1048 1037 1130 juxta
1052 1046 1106 1110 flu:
1124 1046 1226 1111 Frcsca
1241 1048 1278 1111 ab
1294 1046 1417 1111 Alsrido
1430 1065 1509 1132 rege,

478 1143 510 1205 in
524 1137 676 1223 scripturis
691 1136 810 1201 dosiiffr
832 1138 863 1199 in
877 1132 1078 1223 pollessronem
1092 1134 1262 1200 monallerii
1284 1139 1316 1203 S.
1332 1138 1421 1201 Pauli
1441 1158 1510 1221 apo·

610 1239 663 1304 sup:
681 1236 828 1287 &alfridus
1553 1270 1554 1307 p

474 1306 753 1390 ,stolicomparavin
1553 1312 1554 1393 ᾗ

524 1398 639 1457 Verum
655 1414 712 1477 pro
724 1392 781 1456 hac
799 1407 875 1457 terra
890 1389 1092 1477 postmodum,
1114 1406 1254 1473 regnante
1273 1388 1400 1465 Osredo,
1425 1392 1510 1455 Ceol·

480 1482 564 1547 srido
576 1482 684 1546 addito
700 1483 796 1565 pretio
809 1481 913 1567 digno,
937 1496 1045 1543 terram
1059 1480 1164 1562 viginti
1179 1476 1362 1542 familiarum
1386 1479 1418 1542 in
1433 1480 1508 1555 loco,

481 1573 538 1655 qui
553 1570 721 1634 incolarum
734 1568 837 1652 lingua
855 1570 906 1632 Ad
928 1568 1028 1631 villam
1043 1568 1189 1630 Sambuce
1203 1583 1337 1646 vocatur,
1362 1568 1435 1653 quia
1451 1570 1510 1631 lraec

482 1660 607 1723 vicinior
623 1657 720 1722 eidem
734 1656 912 1720 monasterio
925 1656 1094 1729 videbatur,
1117 1656 1241 1737 accepit.
1516 1680 1518 1684 ·

613 1772 979 1849 alihedodeniraaedae,
1001 1774 1038 1837 ab
1052 1772 1380 1837 incertoautoreedita.

409 1886 411 1898 '
522 1874 606 1939 Beda
620 1890 706 1939 natus
723 1894 753 1954 7.
777 1892 857 1941 anno
870 1872 995 1951 Fastidi,
1018 1875 1097 1958 regis
1109 1872 1402 1939 Northumbrorum.

400 1955 403 1969 ”
525 1965 707 2028 Tunbertus
720 1982 799 2027 unus
812 1983 852 2027 ex
867 1961 1097 2046 praeceptoribus
1112 1948 1203 2025 laedae
1222 1962 1254 2024 in
1269 1959 1356 2024 sacris
1371 1964 1478 2030 literis.

511 2079 538 2137 E
553 2074 624 2141 libro
634 2074 716 2141 Bedae
727 2072 761 2139 de
773 2088 889 2139 natura
901 2097 1012 2151 rarum,
1027 2076 1058 2137 in
1072 2096 1135 2159 qua,
1151 2073 1247 2138 veluti
1260 2078 1292 2139 in
1306 2074 1479 2161 bissequerr·

699 2166 789 2240 tibur,
812 2162 847 2226 de
861 2168 977 2228 ratione
992 2166 1149 2244 temporam
1164 2168 1289 2227 tradat.

496 2322 500 2329 .
525 2258 622 2327 Caesar
634 2266 800 2327 Germanos
813 2265 843 2326 a
855 2262 959 2327 Gallos
972 2264 1062 2345 capit,
1077 2264 1107 2324 ar
1122 2264 1282 2326 Britannos
1294 2282 1430 2348 quoque,
1442 2266 1508 2349 qui·
1555 2266 1556 2337 l

478 2346 536 2415 bus
558 2368 627 2416 ante
651 2372 721 2416 enm
747 2374 785 2416 ne
800 2368 908 2416 nomen
930 2351 1055 2435 quidem
1069 2352 1277 2413 Romanorum
1291 2352 1449 2437 cognitum
1464 2355 1507 2417 lu·
1555 2368 1556 2381 ¹

480 2456 553 2517 erat,
576 2440 670 2505 vittas
690 2439 845 2504 obsrdibus
858 2440 985 2523 accepris
997 2444 1015 2481 ⁴⁸
1030 2435 1234 2523 stipendiarios
1253 2436 1333 2503 lecit.

1073 2526 1086 2553 ⁸
1105 2526 1198 2591 Qarto
1210 2522 1304 2573 Claudii
1315 2542 1390 2577 anno.

525 2609 644 2674 Eodem
668 2630 748 2675 anno
773 2606 834 2694 ipse
860 2610 1046 2674 Britanniam
1067 2607 1176 2683 adiens,
1199 2628 1291 2693 quam
1317 2628 1417 2696 neque
1441 2626 1506 2676 ante
1556 2655 1557 2730 p

481 2697 596 2779 Julium
613 2696 768 2775 Caesarem,
791 2696 970 2781 neque'post
984 2715 1064 2774 eum,
1088 2696 1246 2782 quisquam
1261 2701 1410 2782 attingere
1422 2697 1505 2763 ansus
1556 2731 1557 2748 r

479 2783 587 2862 suerat,
611 2786 671 2850 fine
694 2786 760 2851 ullo
774 2789 891 2870 proelio,
914 2807 948 2848 ac
971 2785 1122 2870 languine,
1145 2787 1224 2848 intra
1244 2787 1432 2869 paucissimos
1447 2789 1505 2852 dies

480 2870 639 2956 plurimam
656 2871 759 2937 iusulae
772 2892 885 2957 partem
900 2875 931 2936 in
945 2873 1092 2938 ditionem
1106 2873 1225 2956 recepit.
1272 2876 1405 2938 Orcadas
1419 2877 1505 2939 etiam

480 2959 588 3025 insulas
610 2962 671 3026 Ro.
696 2962 805 3043 adjecit
828 2963 967 3048 imperio,
989 2981 1023 3025 ac
1048 2957 1132 3027 sexto
1153 2981 1247 3045 quam
1270 2962 1423 3047 profestos
1447 2979 1507 3028 erat

480 3045 580 3114 mense
594 3053 651 3115 Ro.
668 3051 766 3116 rediit,
867 3093 872 3104 .

525 3134 728 3221 Vespasianus,
751 3138 829 3204 inter
852 3137 909 3202 alia
924 3157 1100 3222 magnorum
1119 3156 1257 3221 operum,
1280 3141 1312 3202 in
1328 3139 1441 3223 priuata
1456 3138 1505 3202 ad-

481 3312 583 3376 missus
599 3316 693 3376 tricies
708 3315 738 3377 dr
752 3315 800 3378 bis
814 3335 884 3378 cum
900 3312 1151 3394 holleconffirrst,
1164 3313 1238 3376 duas
1253 3315 1378 3380 validili.
1393 3335 1503 3400 gentes,

480 3420 534 3464 xx.
557 3402 681 3486 oppida,
704 3397 828 3468 insulam
843 3401 978 3482 Vestam,
1001 3403 1159 3466 Britanniae
1180 3401 1361 3485 proximam,
1384 3404 1507 3490 imperio

480 3491 540 3555 Ro.
555 3490 675 3574 adjecit.
919 3503 923 3511 '

482 3578 486 3606 ¹
749 3582 902 3662 Tempore
915 3578 1057 3644 Antonini
1079 3579 1250 3643 Commodi.
1350 3643 1355 3658 ,

416 3673 469 3740 ὓ·
526 3654 640 3728 Lucius
656 3665 769 3731 Britan:
784 3688 849 3744 rex,
874 3667 958 3751 miffar
967 3667 1006 3730 ad
1018 3666 1238 3744 arembertum,
1253 3669 1312 3732 Ro.
1325 3661 1503 3754 episcopum,

383 3795 390 3805 .
481 3751 613 3836 epistola,
638 3770 672 3817 ut
687 3752 872 3818 Christianus
887 3751 1052 3818 efficeretur
1067 3756 1218 3838 impetrat.

526 3843 652 3905 Severus
666 3845 697 3906 in
712 3841 847 3906 Britann:
864 3843 977 3906 bellum
994 3841 1144 3920 transfert,
1165 3844 1228 3919 ubi,
1244 3857 1279 3906 ut
1294 3861 1426 3927 receptas
1441 3864 1504 3928 pro·

480 3928 591 3991 vincias
613 3930 654 3992 ab
674 3929 840 3993 incursione
863 3930 1017 3994 barbarica
1032 3927 1142 3993 faceret
1159 3927 1330 4006 securiores,
1355 3953 1434 4018 mag.
1449 3926 1503 3994 sos·

481 4012 552 4090 sam,
575 4015 749 4102 firmilsque
769 4017 894 4093 vallum,
917 4019 1028 4086 crebris
1051 4015 1171 4102 insuper
1189 4020 1324 4082 turribus
1342 4019 1502 4084 communi·

480 4117 556 4179 tum,
582 4125 634 4186 per
649 4125 794 4172 cxxxu.
811 4104 901 4168 millia
911 4106 985 4190 pali.
1000 4105 1101 4170 imari
1112 4107 1151 4170 ad
1162 4127 1244 4172 mate
1258 4106 1358 4186 duxit,
1382 4108 1412 4172 dr
1426 4108 1502 4170 Ebo-

480 4193 539 4254 raci
554 4193 641 4258 obiit.

809 4285 966 4366 Tempore
989 4281 1180 4346 Diocletiani.

525 4367 683 4430 Carausrus
698 4364 815 4454 sumpta
830 4390 964 4454 purpura
979 4371 1143 4432 Britannias
1158 4385 1296 4454 occupat.

518 4451 593 4517 'Poll
607 4455 707 4547 decem
729 4475 821 4521 annos
842 4479 894 4542 pcr
909 4454 1152 4543 Asclepiodotum
1173 4457 1350 4545 prasestum
1368 4455 1501 4546 praetorio

479 4543 643 4608 Britanniae
656 4559 792 4630 recepta.
1063 4570 1068 4582 ¹
1167 4552 1170 4561 “

523 4647 530 4662 ·
1322 4633 1501 4701 Constantius
