3392 5300
265 486 621 570 nurrouaatr
666 483 1096 562 consecrarunt.
1155 535 1161 546 ,
1277 497 1332 572 st-

169 613 306 679 Rofensrs
319 619 453 696 ecclefiae,
475 643 545 685 cum
560 621 729 695 abbatibus,
746 616 903 692 abbatissis,
925 617 1112 700 presbyteria,
1129 615 1212 680 dia-t
1274 689 1277 696 ‚

169 705 307 779 couibus,
327 709 464 782 ducibus,
488 708 618 792 satrapis,
641 711 750 790 pariter
765 706 922 768 tradentes
937 707 973 766 de
989 705 1063 766 statu
1078 705 1194 769 ecclesi-

168 810 255 852 arum
271 797 328 856 Dei
343 796 373 856 in
389 797 505 878 Anglia,
530 799 559 858 &
575 798 613 858 de
628 798 655 858 h'
676 844 683 868 ‚
700 815 767 878 quae
782 793 948 854 aifidelibua
964 794 1093 875 regibus,
1118 816 1209 876 prae..

168 879 368 945 decessoribus
386 885 450 962 ejus
471 887 500 946 &
522 817 705 967 propinqss,
729 881 917 943 AEthelberto
939 882 1076 944 videlieet
1095 881 1210 966 poste..

167 964 269 1047 risque
294 971 368 1049 ejus,
392 975 458 1032 Deo
472 973 670 1054 omnipotenti
695 971 725 1030 in
740 969 889 1052 propriam
909 969 1101 1032 hereditatem
1121 971 1209 1038 data·

167 1051 301 1130 fuerunt,
326 1059 452 1138 qualiter
477 1057 640 1122 secuudum
655 1079 753 1118 veram
765 1055 909 1139 justitiam
929 1054 1003 1118 liare
1026 1058 1055 1118 δι’
1078 1079 1207 1138 perma-·

167 1162 240 1203 uere
264 1144 389 1220 valeant,
421 1147 468 1207 vel
496 1146 651 1228 quomodo
673 1167 707 1207 ea
732 1142 842 1206 serrare
869 1159 1004 1224 oporteat
1028 1147 1137 1208 amodo
1161 1153 1193 1213 ὃς

166 1225 264 1310 usque
276 1228 307 1292 in
318 1231 411 1294 finem
426 1231 523 1308 seculi,
536 1230 757 1295 constituentes
798 1240 818 1317 ‘³‘
835 1235 911 1313 Ego,
936 1229 1072 1312 rirrquir,
1089 1234 1192 1300 With.

168 1324 189 1350 “
205 1319 295 1379 redus
309 1340 361 1381 rex
377 1336 519 1395 terrenus,
543 1319 561 1381 ai
581 1342 650 1402 rege
665 1341 770 1402 regum
785 1317 995 1399 compunsius,
1018 1319 1080 1380 zelo
1103 1323 1191 1387 retti-

168 1411 189 1438 “
207 1404 322 1468 tudinis
335 1405 480 1482 accensus,
504 1427 543 1470 ex
558 1407 682 1488 antiqua
707 1405 864 1468 traditione
886 1401 1054 1468 sandorutn
1073 1425 1192 1488 patrum

166 1499 189 1526 “
206 1492 311 1567 didici,
336 1516 394 1556 non
409 1495 464 1557 elle
479 1495 596 1557 licitum
606 1493 694 1557 alicui
709 1493 835 1566 homini,
859 1491 889 1554 in
906 1494 987 1554 la‘r'co
1002 1493 1107 1556 habitu
1119 1519 1191 1562 con·

167 1586 188 1615 “
206 1579 321 1656 stiram,
333 1579 474 1664 usurpare
483 1581 636 1664 srbi‚quasr
648 1579 798 1664 propriam
809 1579 1017 1662 polleslionem,
1029 1582 1112 1664 quod
1121 1602 1191 1650 ante

167 1674 189 1703 ‘⁴
207 1666 306 1729 fuerat
322 1669 447 1732 domino
460 1671 635 1744 concellum,
653 1671 682 1731 ἃ
696 1689 784 1732 cruce
800 1667 911 1732 Christi
926 1667 1090 1734 firmatum.
1128 1673 1190 1736 Sci-

166 1761 274 1818 “mus
298 1754 390 1830 enim,
414 1757 597 1820 &veraciter
619 1755 741 1830 constat,
765 1756 847 1838 quia,
871 1757 954 1838 quod
970 1754 1056 1818 semel
1078 1761 1191 1843 accepit

166 1850 188 1878 “
204 1845 300 1906 homo
310 1844 470 1908 donatione
478 1843 598 1908 alterius
612 1843 643 1907 in
656 1843 808 1928 propriam
819 1843 1003 1924 potestatem,
1020 1844 1190 1912 nullatenus

165 1938 189 1965 ‘⁶
205 1931 265 1992 fine
285 1931 394 2012 injuria
417 1931 492 1996 illud
506 1933 619 1996 iterum
632 1931 774 1995 dimittet.
819 1931 1012 1994 Horrendum
1025 1930 1066 1992 est
1087 1932 1191 2018 itaque

166 2026 188 2054 “
204 2018 380 2082 hominibus
402 2020 495 2082 deum
522 2018 626 2082 vivum
649 2018 809 2101 expoliare,
843 2017 1036 2100 tunicamque
1064 2021 1136 2100 q'us,
1159 2023 1190 2084 8t

167 2114 190 2141 “
207 2106 416 2179 hereditatem,
437 2106 578 2171 scindere.
621 2111 702 2169 Cum
727 2128 800 2190 ergo
821 2110 893 2174 Deo
913 2105 1027 2188 aliquid
1052 2107 1191 2172 oblatum

166 2202 188 2230 “
203 2192 295 2282 fuerit
310 2195 347 2257 de
362 2195 482 2258 terrenis
497 2191 675 2270 substantiis,
699 2195 737 2256 ad
754 2197 819 2265 hoc,
844 2210 879 2255 nt
893 2175 1009 2255 facilius
1026 2196 1190 2276 promereri

167 2290 189 2317 “
206 2283 332 2359 valeant,
349 2282 513 2357 offerentes,
528 2298 670 2344 aeternam
684 2281 908 2367 retributionem
925 2280 1074 2362 percipere
1085 2283 1116 2349 in
1129 2303 1191 2348 coe·

168 2377 189 2404 “
204 2368 253 2443 lis,
277 2367 429 2433 manifeste
443 2371 618 2443 declaratur,
635 2369 728 2452 quod,
746 2385 861 2452 quanto
876 2367 1024 2430 incautius
1039 2370 1131 2431 horno
1146 2368 1190 2434 se·

167 2464 188 2491 “
203 2458 313 2518 culatis
328 2457 505 2540 applicuerit
525 2456 553 2520 se
568 2457 598 2519 in
613 2455 804 2518 hereditatem
822 2455 899 2538 regis
915 2453 1026 2530 aeterni,
1049 2472 1128 2518 tanto
1143 2457 1191 2519 di-

168 2552 187 2580 “
206 2543 338 2608 strictius
347 2546 364 2607 ai
373 2548 440 2608 Deo
452 2544 602 2629 punietur.
615 2569 620 2576 ’
634 2547 763 2628 Proqua
776 2566 806 2605 re
817 2541 942 2606 firmiter
952 2543 1145 2622 decrerimuS,
1161 2547 1190 2610 ὅε

167 2637 189 2667 “
204 2633 371 2696 innomine
388 2629 604 2717 omnipotentis
616 2631 684 2707 Dei,
707 2631 907 2715 omniumque
923 2627 1098 2708 larrsloiunr,
1115 2654 1191 2717 prae·

167 2724 338 2804 “cepimus
358 2723 497 2784 omnibus
520 2719 728 2783 successoribus
753 2720 867 2794 nostris,
892 2720 1024 2803 regibus,
1049 2720 1189 2805 principi·

167 2817 187 2845 “
202 2811 269 2883 bus,
286 2809 464 2872 &omnibus
478 2808 508 2870 in
524 2810 598 2870 laico
614 2808 908 2880 habituconllitutis,
923 2808 1038 2871 utnulli
1055 2830 1187 2893 unquam
1234 2797 1238 2816 '

168 2897 288 2960 “liceat
310 2898 433 2978 alicujus
454 2896 589 2969 eeclesiae,
615 2899 660 2957 vel
677 2895 854 2967 monasterii,
878 2894 1042 2957 dominium
1066 2898 1186 2973 habere,

167 2992 187 3020 ‘⁸
200 3006 270 3068 quae
291 2983 308 3047 ai
323 3006 380 3060 me,
404 2986 450 3047 vel
464 2984 689 3059 antecessoribus
709 2982 784 3044 meis
800 2980 898 3064 priscis
921 2985 1103 3065 temporibus
1118 2988 1186 3047 Deo

166 3081 185 3107 “
201 3070 312 3151 tradita
326 3070 393 3151 sunt
403 3075 435 3135 in
449 3088 619 3155 perpetuam
632 3071 833 3145 hereditatem,
849 3071 878 3133 ἃ
893 3068 995 3133 landis
1007 3073 1080 3151 ejus.
1117 3076 1182 3135 Ma·
1198 3072 1253 3141 Pag‚
1266 3094 1308 3137 ss.

166 3167 185 3196 “
199 3161 244 3243 gis
258 3177 369 3234 autem,
385 3160 458 3221 sicut
473 3162 503 3221 in
517 3160 682 3221 canonibus
695 3158 882 3241 praecipitnr,¹
899 3156 1114 3220 obseruandum
1130 3160 1183 3242 esi,
1278 3232 1282 3238 ,
1353 3179 1356 3188 ’

166 3254 185 3284 “
201 3264 243 3321 ut,
260 3248 387 3331 quando
397 3248 503 3330 aliquis
518 3248 555 3309 de
570 3247 696 3329 praelaris
712 3245 887 3328 defungitur
902 3243 1063 3328 episcopus,
1080 3249 1182 3322 abbas,

165 3343 184 3371 “
198 3336 246 3398 vel
256 3335 411 3408 abbatissa,
426 3338 590 3396 intumetur
601 3332 822 3416 archiepiscopo
834 3336 960 3415 propriae
973 3334 1128 3415 parochiae,
1143 3336 1197 3411 &‚·

166 3431 185 3459 “
198 3444 269 3485 cum
285 3426 349 3504 ejus
362 3422 481 3484 consilio
494 3421 522 3494 ,bc
535 3420 684 3494 consensu,
708 3423 767 3481 vita
779 3442 812 3481 ac
828 3422 973 3481 tntnrditia
994 3423 1058 3501 ejus
1073 3426 1183 3485 exarui·

167 3519 185 3547 “
199 3513 287 3588 nata,
331 3510 363 3573 ui
384 3510 493 3593 dignus
516 3513 664 3574 invenitur
686 3508 825 3590 eligatur,
848 3509 877 3570 bc
900 3510 984 3575 nullo
1004 3509 1096 3573 modo
1123 3510 1184 3572 stne

165 3606 183 3635 ‘⁶
197 3534 341 3661 consensu
355 3598 383 3660 dt
399 3594 533 3675 consultu
549 3596 756 3680 archiepiscopi
773 3611 994 3679 promoveatur..
1014 3599 1131 3679 :Neque
1145 3598 1184 3659 de

164 3694 183 3723 “
198 3686 254 3749 hac
266 3708 298 3749 re
312 3684 427 3768 aliquid
437 3686 562 3767 pertinet
573 3687 610 3747 ad
620 3686 780 3757 decretum,
793 3686 839 3745 vel
853 3685 890 3743 im
894 3684 1015 3765 perium,
1030 3686 1116 3766 regis.
1142 3687 1184 3749 tl·

165 3781 184 3810 “
199 3775 363 3837 liusautem
369 3772 410 3835 est
418 3775 551 3847 comites,
562 3770 983 3854 duces,optimates,principes,
996 3768 1008 3817 ὖ
1021 3770 1183 3851 praefedoS,

164 3869 185 3897 ‘⁴
197 3861 315 3941 judices
331 3860 472 3924 seculares
486 3859 631 3935 statuere3
656 3859 880 3941 Metropolitani
895 3879 964 3925 vero
975 3857 1186 3942 archiepiscopi

123 3979 124 3982 ¹
164 3955 185 3983 ‘⁸
199 3949 335 4013 ecclesias
349 3952 408 4011 Dei
423 3950 546 4030 replere,
560 3950 737 4032 gubernare,
749 3942 912 4028 episcopos,
935 3948 1066 4021 abbates,
1090 3946 1183 4009 abba·

165 4043 184 4070 “
200 4038 287 4113 tillus,
305 4033 474 4118 ceterosque
490 4037 624 4118 praelatos
639 4036 755 4136 eligere,
776 4032 911 4106 statuere,
928 4032 1055 4106 firmare,
1079 4036 1183 4097 admo·

165 4130 184 4158 “
198 4145 277 4201 nere,
303 4146 341 4187 ne
352 4126 420 4205 quis
433 4125 469 4186 de
483 4125 589 4186 ovibus
605 4120 724 4196 chnstt,
747 4120 853 4183 scilicet
865 4123 964 4183 aeterni
982 4120 1111 4203 palloris,
1129 4124 1182 4205 ab·

162 4219 182 4248 ‘¹
194 4228 284 4277 erret.
306 4216 401 4277 ¹Haec
422 4213 472 4273 leat
494 4233 546 4291 per
566 4230 660 4282 aevum
683 4210 713 4270 in
734 4229 827 4291 regno
849 4206 949 4269 nostro
962 4207 1180 4291 inperpetuum

165 4306 184 4336 “
201 4305 241 4378 [⁶
252 4303 448 4384 permaneat]
475 4299 613 4373 omnibus
639 4294 764 4360 ecclesiis
790 4296 859 4371 Dei,
889 4317 944 4377 pro
965 4293 1055 4359 salute
1077 4300 1184 4361 animae

193 4470 207 4500 a
223 4456 277 4505 Hac
293 4458 375 4517 anania,
392 4432 437 4524 qim
448 4454 742 4523 commaritus-figuravimus,
759 4451 927 4519 arprrrliasrtnl
937 4470 944 4509 3
956 4451 999 4527 sed
1009 4454 1024 4501 ri
1031 4468 1130 4565 patrnam
1142 4466 1186 4501 aare
1280 4496 1281 4507 ,

166 4517 260 4650 {mg}
274 4524 458 4645 &mmmm
476 4533 551 4573 autem
570 4522 600 4587 est
615 4521 692 4588 paullo
703 4520 823 4584 diversam.
955 4518 1031 4609 alito
1042 4518 1105 4565 astos
1122 4516 1185 4565 Ma.

261 4604 272 4634 ι’
362 4624 379 4641 0.

206 4651 301 4730 Tora.
316 4660 356 4723 11.
591 4634 595 4639 ’
705 4655 737 4719 n
1014 4708 1015 4711 γ
1061 4657 1182 4738 5⁶neae,
