3392 5300
215 473 217 482 ,
317 391 1152 504 nnrrounxrrcotau·ernxnn.‘
1327 397 1400 477 „a
1484 341 1563 431 ff

223 611 304 700 apud
320 561 542 695 Einulphelbiri
565 611 697 674 maxima
718 606 832 693 semper
853 607 1041 674 veneratione
1056 612 1178 676 habitus
1199 609 1251 676 esi.

221 704 280 767 Sed
295 701 378 764 illinc
392 721 448 784 pro
461 703 621 766 Danorum
635 699 803 762 incursione
816 694 994 762 sublatus&
1010 701 1193 784 deportatus,
1216 714 1254 771 ut

220 789 400 877 egoaccepi,
424 787 638 852 Croilandiam.
684 819 686 824 ·

265 876 453 960 Waldephus
480 874 567 940 isest
589 873 694 958 amplae
717 873 862 962 prosapiae
882 891 993 951 comes,
1015 876 1095 939 filius
1122 877 1403 959 Sinardi,u.·.1dephue

222 963 794 1049 magnificentissimi'Northumbrorum
809 967 938 1028 comitis.
975 964 1033 1027 Hic
1049 966 1087 1027 ab
1098 966 1253 1028 Gulielmo
1263 974 1344 1008 Μ
1353 977 1399 1025 1³¹·

222 1057 346 1118 Seniore
370 1073 426 1136 pro
452 1047 606 1132 cujusdam
629 1048 853 1134 conspirationis
876 1055 906 1114 in
930 1049 960 1115 se
983 1051 1071 1114 sasiae
1095 1049 1253 1133 suspitione
1264 1037 1371 1141 ffffl}

169 1221 170 1226 ἵ
221 1137 464 1226 comprehensus,
489 1141 604 1222 diuque
618 1141 649 1202 in
664 1141 790 1202 vinculis
805 1155 917 1218 tentus,
940 1141 1049 1202 ultimo
1068 1141 1165 1223 capite
1185 1138 1253 1224 spo·

222 1230 314 1293 liatus
330 1227 382 1303 est,
405 1229 529 1310 &apud
548 1227 679 1289 Croland
693 1225 837 1309 sepultus.
870 1244 872 1251 ’

265 1316 346 1390 Heli,
363 1315 561 1401 [lagnensium
575 1313 739 1380 insularum
750 1315 891 1395 maxima,
906 1315 946 1378 ab
957 1316 1160 1402 anguillarum
1171 1316 1258 1401 copia

220 1407 263 1471 ita
279 1403 371 1468 elisia.
896 1467 899 1472 .

265 1492 454 1576 Denique&
469 1491 589 1556 illorum
611 1495 754 1558 &omnis
769 1515 841 1577 pene
856 1493 1040 1556 amnicorum
1055 1491 1180 1576 piscium
1202 1513 1255 1578 ge·

220 1583 301 1647 neris
326 1598 408 1645 tanta
424 1579 473 1668 'est
487 1585 583 1665 copia,
607 1599 643 1643 ur
665 1583 703 1645 srt
718 1584 835 1646 advenis
851 1582 1005 1656 miraculo,
1029 1581 1178 1666 indigenis
1199 1604 1255 1665 pro

221 1673 347 1752 illorum
361 1668 555 1732 admiratione
570 1669 713 1733 ludibrio.
758 1673 934 1754 Neqminor
949 1685 963 1715 a
978 1672 1183 1752 aquaticarum
1202 1691 1257 1732 vo·

221 1759 342 1822 lucrum
356 1758 460 1833 vilitas,
485 1774 520 1820 ur
544 1779 601 1840 pro
614 1778 676 1821 uno
691 1759 746 1822 asse
761 1759 799 1821 de
814 1774 945 1840 utroque
959 1758 1028 1819 cibo
1043 1761 1179 1840 quinque
1197 1757 1255 1823 ho·

220 1850 329 1922 mines,
352 1846 381 1908 bc
403 1867 438 1908 eo
460 1847 599 1929 amplius,
622 1867 682 1910 non
702 1843 797 1910 solum
815 1845 927 1909 samem
947 1845 1068 1929 pellant,
1091 1841 1141 1909 sed
1160 1847 1189 1908 &
1210 1840 1255 1909 sa·

221 1937 359 1999 rietatem
372 1933 519 2016 expleant.

264 2024 316 2086 Ibi
330 2022 491 2085 felicissima
501 2022 623 2086 domina
635 2022 811 2088 Etheldrida
826 2026 922 2108 prima
933 2020 1145 2086 monasterium
1154 2019 1257 2086 statuit

220 2105 400 2176 ancillarum
411 2111 466 2172 dei.
515 2110 585 2175 Post
598 2133 666 2175 eam
679 2113 844 2196 Sexburga,
861 2107 942 2176 soror
953 2114 1027 2193 ejus,
1044 2130 1122 2174 uxor
1132 2115 1256 2174 Ercom·

218 2202 313 2282 berti,
336 2201 414 2284 regis
439 2202 580 2261 Cantuar:
603 2203 633 2262 dr
657 2215 751 2262 mater
775 2198 900 2263 tanain:
924 2201 1047 2282 virginis
1065 2203 1254 2282 Ercongotae,

219 2288 254 2354 in
272 2287 381 2351 eodem
393 2287 460 2349 loco
475 2285 530 2350 sub
545 2286 686 2370 religione
701 2291 731 2350 8<
745 2291 865 2350 nomine
877 2287 1029 2348 abbatissae
1044 2283 1212 2353 consenuit.

266 2377 319 2440 Illi
331 2373 461 2438 successit
474 2378 505 2437 in
516 2377 661 2460 regimine
670 2377 761 2438 altera
776 2378 838 2458 ejus
851 2375 911 2437 filia
924 2373 1103 2450 Ermenilda,
1116 2396 1186 2456 quae
1198 2372 1258 2438 suit
1278 2391 1336 2458 rag.
1346 2398 1408 2459 ηρ·

220 2485 305 2528 uxor
320 2463 502 2546 Wulpherii,
526 2465 604 2546 regis
620 2465 814 2534 Merciorum,
836 2463 976 2526 &mater
997 2462 1178 2546 Werburgae
1196 2466 1256 2528 vir·
1344 2479 1348 2486 '

220 2555 317 2636 ginis.
363 2553 420 2613 Hae
442 2565 498 2612 tres
512 2553 691 2614 continuatis
707 2549 931 2616 successionibus
957 2549 1105 2613 abbatissae
1118 2549 1257 2628 suerunt,

221 2641 458 2722 habueruntque
478 2636 638 2703 successivis
661 2641 847 2725 temporibus
870 2638 981 2703 multas
1004 2637 1204 2723 &regiminis
1226 2643 1259 2705 dc
1367 2659 1370 2665 ·

218 2731 377 2814 religionis
403 2729 573 2790 imitatrices
602 2726 696 2812 usque
721 2730 759 2791 ad
785 2744 920 2811 tempora
945 2730 1111 2803 Danorum,
1146 2730 1200 2811 qui
1228 2730 1259 2793 dc

218 2820 251 2882 in
268 2816 347 2902 ipsas
362 2817 487 2899 paludes
499 2818 654 2895 irruentes,
677 2816 906 2882 habitatricibus
917 2814 1064 2900 effugatis,
1088 2816 1258 2881 habitacula
1310 2870 1314 2875 .

218 2904 419 2971 subruerunt.
574 2976 577 2982 ¹

265 2994 331 3058 Sed
345 3014 410 3057 non.
424 2993 476 3056 diu
493 2990 623 3057 solitudo
636 2992 695 3058 loci
710 2992 888 3057 sacratissimi
902 2992 1032 3069 durarit,
1054 2991 1257 3057 annitentibus

217 3084 249 3147 &
264 3102 342 3165 rege
357 3081 475 3165 Angliae
496 3084 526 3143 8r
541 3082 782 3164 provincialibus.

263 3169 366 3237 Ponti
376 3191 449 3253 ergo
460 3171 498 3231 ad
509 3186 625 3253 tempus
636 3170 743 3245 clerici,
756 3168 810 3253 qui
821 3166 900 3234 sacra
911 3170 1011 3233 divina
1021 3166 1260 3253 frequentarent.¹

265 3256 483 3323 Adeluuoldus
498 3256 651 3341 episcopus
666 3256 792 3335 sandius,
816 3258 942 3328 extrusis
955 3257 1079 3333 clericis,
1095 3258 1257 3320 monachos

217 3348 361 3422 induxit,
385 3346 574 3428 contulitque
589 3344 631 3408 ibi
646 3366 762 3431 magna,
786 3348 816 3409 ἃ
830 3363 944 3431 quauta
957 3349 1026 3432 quis
1040 3348 1165 3410 miretur
1182 3365 1258 3429 prae·

219 3436 286 3511 dia,
312 3434 413 3497 omnia
427 3454 466 3497 ex
479 3430 532 3495 suo
547 3448 704 3501 mercatus.

266 3521 472 3597 B-rithnodus,
488 3522 530 3584 ibi
544 3521 582 3583 ab
594 3522 786 3586 Ethelwoldo
798 3522 891 3586 abbas
905 3523 1093 3596 constitutus,
1109 3520 1260 3586 transtulit

219 3610 261 3673 ad
278 3611 455 3673 coenobium
470 3628 578 3692 corpus
598 3611 782 3695 Witburgae,
805 3609 912 3674 sororis
927 3605 1043 3675 Sansiae
1063 3611 1258 3673 Etheldrida.

218 3699 353 3781 Jacebat
368 3699 405 3759 ad
420 3697 478 3759 hoc
503 3712 620 3780 tempus
635 3698 683 3760 illa
697 3700 728 3761 in
743 3720 812 3762 rure
832 3700 966 3783 ignobili,
991 3704 1023 3762 in
1037 3720 1101 3783 quo
1115 3695 1175 3781 ipsa
1190 3700 1259 3782 plu·

218 3789 313 3852 ribus
329 3788 414 3848 annis
429 3784 551 3859 coelebs,
568 3786 597 3845 &
612 3786 751 3849 ciborum
762 3790 924 3861 continens,
940 3789 1032 3850 vitam
1048 3783 1235 3869 transegerat.

265 3880 344 3938 Non
367 3874 446 3935 enirn
460 3871 553 3935 insula
572 3889 642 3935 tunc
659 3874 713 3957 nist
729 3876 847 3957 navigio
861 3874 939 3937 adiri
953 3890 1080 3957 poterat.
1125 3876 1183 3936 Sed
1206 3895 1258 3936 no·
1268 3880 1397 3934 Terrestris

219 3963 284 4027 stra
301 3978 375 4023 aetas
397 3959 531 4023 solertior
552 3961 622 4021 vicit
642 3977 789 4037 naturam,
810 3962 1028 4047 aggeribusque
1044 3963 1134 4043 jasiis
1153 3964 1184 4024 in
1207 3947 1413 4044 pa·h³⁰s⁶¹¹¹³‘⁸

217 4052 335 4115 sudem
349 4051 497 4113 tramitem
512 4046 676 4113 terrestrem
691 4050 831 4134 praebuit,
848 4051 1013 4114 &insulam
1025 4052 1152 4135 pedibus
1164 4048 1256 4114 acces·
1268 4014 1402 4141 sigili?

218 4137 445 4204 fibitemfecit.
1267 4143 1428 4212 cunctane
1515 4167 1517 4176 ,

267 4228 392 4293 Habuit
402 4246 474 4310 ergo
487 4225 546 4289 hoc
557 4208 727 4289 coenobium
739 4226 859 4289 abbates
868 4224 963 4310 usque
974 4225 1012 4288 ad
1022 4247 1136 4290 nonum
1147 4248 1259 4291 annum

218 4316 355 4382 Henrici
366 4316 454 4395 regis.
481 4319 574 4380 Tunc
585 4316 675 4390 enim,
687 4316 759 4397 quia
771 4315 982 4378 Lincolniensrs
991 4312 1175 4397 episcopatus
1185 4317 1260 4378 dioe·

215 4404 299 4473 cesis
319 4403 449 4471 nimium
463 4402 708 4489 protendebatur,
729 4400 884 4467 confilium
899 4404 1041 4471 habiturn
1053 4403 1110 4485 esi,
1129 4419 1165 4474 ut
1179 4403 1261 4505 apud

620 4517 644 4583 e*
651 4520 795 4591 aquaticum
807 4523 869 4578 MS.

1194 4588 1265 4659 Heli
