3392 5300
355 474 416 537 nt
673 467 977 549 Jonurvts
1028 447 1359 531 nannum

586 594 686 659 Sansti
701 594 787 658 Pauli
801 590 1048 659 solenniter-Ac
1066 593 1164 655 vocati
1178 588 1308 655 feliciter

331 695 488 763 Bormon-
587 682 693 747 Hedde
708 680 845 767 pontifex
860 681 1073 765 petitum—Ae
1086 700 1156 742 curn
1171 700 1272 743 amore
1286 681 1418 761 accitus,

330 763 420 812 tifex»
586 770 746 835 Dedicavit
760 769 1033 850 deicola,-Atque
1048 766 1144 831 clarus
1158 768 1306 845 coelicola,

584 903 705 984 Quarto
719 899 766 961 1d=
783 898 1129 972 oculorium-Tertio
1146 897 1228 961 dono
1242 897 1362 963 dierum
1378 923 1390 962 t

585 989 681 1069 Cujus
695 985 750 1051 sub
764 987 843 1049 coelo
858 1001 873 1031 a
889 985 1251 1059 conditor—Balthunus,
1272 1003 1371 1071 atque
1384 985 1509 1064 orditrrr,

585 1075 755 1139 Sacerdotis
770 1076 799 1135 in
815 1071 1092 1136 leculo-Functus
1106 1071 1181 1135 felix
1193 1072 1307 1139 officio.

502 1186 504 1193 ’
585 1160 682 1229 Fuisse
697 1158 792 1225 fertur
806 1159 1017 1225 florido-Dei
1031 1182 1102 1225 cum
1116 1163 1242 1226 auxilio.

332 1048 446 1100 sacerdos.

586 1342 752 1426 Eloquium
766 1341 881 1405 domini
895 1364 1084 1427 quaecunque
1096 1342 1251 1407 volumina
1266 1342 1424 1423 fundunt,

631 1431 754 1514 Spiritus
770 1432 827 1493 hoc
841 1428 942 1495 sancio
957 1433 1037 1495 ludit
1057 1433 1096 1495 ab
1110 1453 1163 1496 ore
1178 1433 1264 1500 deus.

587 1515 686 1583 Esaias
701 1518 816 1581 domini
830 1520 936 1583 cecinit
950 1520 1092 1582 miracula
1105 1536 1200 1595 vates,

631 1611 735 1691 Atque
749 1606 921 1691 evangelicis
940 1609 1071 1672 concinit
1084 1628 1138 1672 ore
1153 1610 1246 1675 tubis.

457 1825 467 1847 r
588 1786 662 1858 Hos,
684 1782 807 1859 Albine,
831 1782 886 1847 tibi
902 1784 1008 1845 merito
1022 1782 1196 1848 venerabilis
1210 1782 1290 1848 abba

587 1870 752 1935 Versiculos
768 1870 879 1954 scripsit
893 1873 976 1934 verbi
996 1871 1119 1935 coelellis
1135 1887 1251 1933 amator

587 1960 677 2035 Beda,
700 1958 748 2019 dei
763 1957 905 2035 famulus,
928 1960 1001 2019 mira
1014 1980 1091 2048 quos
1112 1962 1253 2030 carminis
1267 1972 1334 2022 arto

588 2043 765 2128 Composuit
779 2047 894 2120 dodlor,
919 2045 1018 2108 nostro
1031 2049 1084 2129 qui
1098 2048 1196 2109 clarus
1210 2048 1241 2108 in
1254 2047 1331 2110 orbe

590 2134 723 2196 Extitit:
748 2135 854 2217 ingenii
869 2136 955 2215 cujus
970 2137 1151 2197 monimenta
1165 2133 1316 2217 refulgent

457 2270 460 2287 .
587 2221 719 2287 Plurima
735 2224 918 2305 temporibus
934 2220 1023 2286 nullis
1038 2223 1184 2287 abolenda
1198 2243 1250 2307 per
1264 2242 1379 2290 aevum.

913 2346 994 2425 Epir.
1011 2344 1104 2408 Bedae.

586 2444 744 2526 Presbyter
759 2441 812 2507 hic
827 2443 908 2506 Beda
924 2441 1088 2526 requiescit,
1110 2464 1199 2507 carne
1212 2440 1357 2526 sepultus.

586 2536 685 2605 Dona,
709 2530 837 2603 Christe,
860 2534 989 2593 animam
1002 2532 1033 2595 in
1051 2532 1140 2594 coelis·
1148 2532 1280 2616 gaudere
1295 2553 1348 2615 per
1361 2553 1471 2611 aevum,
1554 2583 1556 2594 .

585 2622 697 2703 Daque
710 2618 753 2681 illi
769 2618 888 2702 Sophiae
903 2619 1028 2684 debriari
1043 2620 1139 2696 sonte,
1161 2622 1209 2684 cui
1222 2635 1283 2684 tam

586 2704 750 2792 suspiravit
764 2727 853 2771 ovans
868 2710 983 2770 intento
998 2706 1109 2792 semper
1123 2729 1236 2771 amore.

349 2836 406 2898 rag.
420 2834 477 2880 πθ.
693 2833 744 2892 Ex
759 2831 940 2920 Praefotione
959 2830 1040 2894 Bedae
1053 2829 1095 2893 od
1108 2831 1325 2912 Ccolwushhum.

331 2897 490 3012 aminadab·
542 2933 640 2994 Au'tor
655 2945 722 2994 ante
737 2951 852 3006 omnes,
874 2947 966 3014 atque
979 2934 1109 3014 adjutor,
1132 2929 1265 3016 opusculi
1280 2933 1371 3014 hujus
1383 2936 1518 3008 Albinus,
1554 2940 1556 2989 l

330 3033 382 3080 uas.
497 3020 575 3084 abba
594 3018 847 3110 reverentissimus,
869 3021 913 3085 vir
934 3041 985 3102 per
1002 3023 1103 3083 omnia
1120 3016 1310 3094 doiliffinius,
1334 3027 1443 3099 extitit,
1465 3025 1515 3108 qui

497 3111 528 3172 in
542 3107 660 3171 ecclesia
675 3110 905 3171 cantuariorum
928 3106 944 3169 a
966 3110 1059 3171 beatae
1074 3112 1221 3171 memoriae
1235 3109 1406 3175 Theodoro
1427 3115 1515 3175 archi-
1554 3116 1555 3185 l

497 3195 644 3279 episcopm
669 3197 698 3257 a
714 3193 863 3281 Hadriano
884 3195 1003 3274 abbate,
1026 3199 1097 3260 viris
1117 3197 1337 3261 venerabilibus
1360 3216 1454 3286 atque
1468 3201 1515 3263 do

497 3282 628 3349 (illimus
643 3279 805 3346 institutus.

616 3386 722 3452 Ibidem
735 3387 770 3450 de
784 3387 936 3453 Nothelino
951 3388 1070 3452 Londin:
1088 3385 1205 3467 ccclestae
1221 3388 1397 3474 presbytero.

503 3497 528 3568 ἦ
894 3490 958 3575 Qvi
981 3489 1118 3551 videlicet
1132 3489 1314 3551 Nothelinus
1335 3490 1438 3572 postea
1458 3496 1513 3554 Ro·
1554 3522 1555 3545 ι

328 3580 519 3653 Nothelinus,
543 3575 738 3640 Londinenlis
758 3596 806 3639 ec·
850 3597 929 3640 mam
949 3578 1074 3651 veniens,
1098 3578 1256 3639 nonnullas
1279 3578 1321 3640 ibi
1342 3578 1423 3642 beati
1445 3585 1513 3642 Gre·
1554 3570 1555 3629 l

329 3672 422 3734 clesrae
433 3667 595 3753 presbyter,
606 3685 695 3746 quem
707 3663 807 3726 serunt
849 3665 928 3746 gorii
952 3683 1047 3746 papae,
1079 3662 1167 3725 simul
1192 3667 1221 3726 8<
1246 3667 1372 3728 aliorum
1399 3668 1514 3750 pontill-
1554 3638 1555 3725 l

329 3758 428 3844 postea
444 3754 569 3825 fastum,
594 3766 713 3813 mortuo
728 3755 805 3813 Tat·
848 3772 928 3826 cum,
955 3750 1099 3832 epistolas,
1128 3749 1308 3833 perscrutato
1329 3751 1511 3834 ejusdem&
1554 3764 1555 3839 l

329 3850 413 3919 uino,
447 3836 701 3922 archiepiscopum
727 3841 804 3900 Can·
850 3843 992 3900 Romanae
1009 3839 1135 3902 ecclefiae
1150 3837 1265 3916 scrini0,
1289 3843 1431 3924 permissu
1446 3844 1511 3923 ejus,
1554 3854 1555 3921 f

330 3952 408 3995 tuar:
424 3928 594 3994 Gulielmus
609 3926 706 3989 Meld:
728 3927 805 3989 libro
850 3928 904 4008 qui
919 3947 998 3988 nunc
1011 3927 1138 3999 ecelesiae
1153 3927 1266 4010 praeesl,
1289 3933 1432 4014 Gregorii
1445 3952 1511 4015 pon·
1554 3942 1555 3949 ’

329 4022 369 4086 de
382 4016 492 4105 pontif.
511 4017 553 4080 ια·
851 4015 946 4089 rificis,
971 4017 1103 4090 invenit;
1127 4013 1328 4098 reversusque,
1351 4019 1440 4082 nobis
1465 4040 1511 4080 no·
1554 4034 1555 4083 ζ

849 4100 914 4164 sirae
928 4101 1055 4166 historiae
1073 4102 1085 4151 b
1103 4102 1280 4177 inserendas,
1298 4127 1375 4170 cum
1394 4103 1511 4170 'confiliu

492 4190 608 4274 praelati
623 4189 727 4254 Albini
742 4191 961 4254 reverentissimi
976 4193 1076 4274 patric,
1099 4192 1211 4254 attulit.
1254 4196 1282 4254 A
1297 4195 1445 4279 principio
1459 4195 1507 4256 ita·

492 4299 553 4362 que
567 4277 724 4340 voluminis
745 4279 845 4357 hujus,
871 4275 964 4362 usque
977 4279 1015 4340 ad
1028 4295 1154 4361 tempus,
1178 4301 1241 4362 quo
1259 4301 1332 4364 gens
1347 4283 1509 4366 Anglorum
1554 4320 1555 4369 3

493 4366 582 4426 iidem
608 4363 714 4427 Christi
740 4367 881 4449 percepit,
916 4387 955 4429 ex
980 4370 1115 4450 priorum
1138 4370 1266 4431 maxime
1290 4366 1416 4457 scriptis,
1447 4372 1508 4434 hinc

491 4453 560 4517 inde
575 4453 716 4532 collectis,
739 4474 782 4533 ea,
805 4475 877 4548 quae
900 4474 1079 4538 promemus,
1103 4453 1274 4523 didicimus.
1516 4459 1519 4471 '

696 4565 698 4576 '
738 4581 740 4600 ¹
825 4566 901 4614 nSic.
966 4565 1134 4618 blnserendas
1147 4566 1180 4618 al.

1394 4637 1503 4703 Ibidem.
