3392 5300
312 468 665 569 nu-rronnnrr
710 467 1149 551 corruerimus.
1325 454 1415 579 s'73j

223 618 296 683 cires'
311 616 348 681 ab
366 616 492 680 inimicis
508 612 723 699 discerpuntur,
747 628 782 679 ut
799 620 1142 701 acommorationeorum
1165 612 1241 685 feta·

221 727 286 768 rum
300 704 501 768 assimilaretur
515 704 684 787 agrestium.
728 701 741 750 l
756 707 834 769 Nam
847 706 877 768 ilc
891 706 959 787 ipsrs
974 723 1081 771 mutuo
1095 728 1161 784 nec,
1187 733 1243 793 pro

221 794 320 877 exigui
334 791 430 855 vislus
445 792 528 856 brevi
543 790 747 868 sustentacuIO,
770 790 928 855 miserrimi
942 796 1020 856 cives
1038 798 1242 861 latrocinando
1253 812 1383 867 Britannos
1467 842 1471 848 »

222 878 434 965 temperabant,
457 880 486 943 ἃ
507 880 695 963 augebantur
714 894 845 943 externae
866 881 964 944 clades
986 881 1153 947 domesticis
1174 892 1407 961 1'rro·f¹¹¹¹¹¹,¹¹‘¹,mu

221 968 309 1043 tibus,
334 968 417 1052 quod
430 962 609 1049 ejuscemodi
633 983 695 1031 tam
708 967 818 1031 crebris
832 967 1049 1053 direptionibus
1064 988 1240 1037 vacuaretur
1251 941 1384 999 latrem
1451 978 1453 983 ’

218 1055 308 1119 omnis
328 1058 413 1139 regio
428 1056 520 1118 totius
534 1056 594 1119 cibi
613 1056 731 1129 baculu,
755 1072 883 1139 excepto
1064 1120 1070 1130 ,

217 1135 372 1209 venatoria:
395 1144 467 1207 artis
481 1138 597 1209 solatio.
635 1145 741 1229 ‘Igitur
763 1140 882 1206 rursum
1057 1146 1196 1211 Fames.

216 1228 323 1293 miserae
350 1232 503 1293 mittentes
525 1230 661 1315 epistolas
685 1230 819 1313 teliquiae
843 1233 881 1294 ad
970 1234 1043 1314 Spes
1055 1231 1112 1295 sola
1122 1238 1180 1301 cibi
1193 1240 1222 1301 in
1234 1242 1401 1312 venatione.

216 1322 337 1393 AErium,
363 1323 505 1381 Romanae
521 1318 673 1403 potestatis
690 1320 799 1395 virum,
823 1319 882 1382 lr'oc
968 1324 1181 1405 Fragmentum
1195 1327 1325 1411 epistolae
1338 1332 1403 1395 Βῆ.

214 1408 304 1469 inodo
332 1408 513 1491 loquentes:
550 1411 578 1443 “¹
594 1410 678 1470 AEtio
702 1423 746 1470 ter
771 1405 880 1470 consuli
925 1419 1084 1474 tannorum
1104 1412 1143 1475 ad
1164 1419 1275 1479 AEtium
1295 1418 1402 1486 consu·
1479 1450 1480 1458 ¹

215 1503 235 1531 “
248 1496 376 1584 gemitus
386 1498 634 1559 Britannorum.''
662 1499 701 1557 Et
713 1492 880 1578 postpauca
922 1496 992 1561 lem.

213 1598 377 1665 querentes,
401 1585 567 1667 inquiunt:
599 1588 620 1619 “
637 1582 801 1666 Repellunt
823 1605 879 1645 nos
1075 1650 1080 1661 .

213 1678 234 1707 ‘¹
249 1673 371 1735 barbari
386 1671 424 1733 ad
440 1692 529 1747 mare,
544 1669 660 1755 repellit
674 1670 970 1735 mureadBarbaroa.
1006 1675 1088 1736 Inter
1103 1672 1236 1740 baecori·
1270 1668 1274 1674 ¹
1308 1720 1314 1730 ·

215 1762 235 1795 “
250 1776 338 1823 untur
346 1760 408 1823 duo
416 1779 524 1843 genera
533 1757 683 1833 funerum,
693 1774 746 1821 aut
753 1760 931 1843 jugulamur
940 1763 1173 1847 autmergimur,
1181 1779 1236 1829 nec
1287 1761 1289 1765 ’

212 1852 233 1883 “
247 1868 301 1929 pro
313 1850 357 1911 eis
371 1848 538 1931 quidquam
553 1849 693 1928 adjutorii
710 1848 897 1919 babentes.‘’,
1188 1880 1191 1888 ,

239 1939 368 1999 'Interea
391 1934 485 1999 sames
500 1936 563 1999 dira
578 1956 611 1997 ac
625 1933 811 1997 famosissima
824 1938 908 2019 vagis
924 1954 957 1999 ac
971 1935 1155 2018 nutabundis
1172 1939 1232 2002 lrae·
1245 1948 1329 2007 Fames
1341 1958 1399 2014 diri.

206 2035 262 2099 ret,
285 2042 355 2106 quae
377 2025 489 2087 multos
512 2043 617 2087 eorum
640 2024 767 2085 cruentis
789 2025 936 2105 compulit
957 2025 1145 2106 praedonibus
1172 2029 1232 2093 srne

212 2108 354 2191 dilatione
375 2112 467 2175 visits
485 2111 555 2175 dare
576 2127 692 2184 manus,
716 2126 755 2173 ut
768 2112 933 2193 pauxillum
954 2111 992 2173 ad
1009 2110 1232 2181 refocillandam

212 2199 337 2262 animant
361 2200 420 2261 cibi
444 2216 603 2284 caperent3
628 2197 700 2260 alios
721 2186 792 2260 verri
812 2197 967 2281 nusquam,
990 2203 1068 2282 quin
1080 2205 1180 2284 potius
1196 2208 1234 2268 de

212 2284 277 2367 ipsis
299 2288 467 2364 montibus,
498 2285 654 2371 speluncis,
684 2306 718 2349 ac
747 2284 866 2349 saltibus
1270 2283 1274 2295 '

211 2386 222 2419 ⁶
242 2374 313 2455 dum
326 2373 456 2439 conferti
471 2376 614 2438 continuo
628 2373 820 2437 rebellabant.

250 2464 290 2525 Et
305 2478 372 2525 tum
386 2465 517 2547 primum
540 2462 674 2537 inimicis,
700 2462 877 2543 permultos

209 2568 295 2613 annos
326 2551 459 2635 praedas-
477 2551 646 2633 agentibus,
683 2548 789 2633 strages
823 2550 876 2611 da·

207 2637 284 2715 bant,
301 2662 363 2703 non
373 2640 498 2702 fidentes
509 2640 541 2701 in
553 2638 684 2712 homine,
700 2634 792 2701 sedin
808 2638 876 2700 deo.

248 2729 368 2813 Qievit
395 2743 551 2811 parumper
579 2726 768 2806 inimicorum
799 2727 938 2800 audacia,
974 2747 1028 2788 nec
1054 2735 1354 2813 mmmm-Pafum
1431 2731 1436 2747 ⁴

207 2811 330 2879 sirorum
356 2817 477 2878 malitia.
526 2813 710 2877 Recesserant
733 2807 829 2876 bolles
852 2813 1019 2890 dcitibus;
1044 2837 1098 2879 nec
1117 2819 1194 2880 cives
1210 2803 1379 2882 bssf³¹²¹¹¹¹³⁵·²

867 2336 876 2364 ’
963 2329 1129 2413 Vestigium
1144 2337 1262 2404 virtutis
1281 2336 1312 2405 in
1333 2341 1399 2420 Brio

922 2433 983 2480 tan:
1000 2421 1144 2502 reliquiis.

918 2589 949 2658 ἃ
965 2508 1084 2590 Strages
1107 2512 1279 2579 Scottorum
1299 2521 1399 2603 &1³12

950 2615 1050 2660 orum.

1241 2868 1383 2921 ctvtttsum
1443 2865 1456 2891 ⁸

207 2899 261 2965 suis
274 2901 442 2968 sceleribus.
487 2905 581 2966 Moris
598 2922 726 2984 namque
747 2903 884 2979 continui
898 2905 997 2984 gentis
1011 2920 1085 2977 erar,
1110 2905 1328 2982 ficut&,0,d1„
1373 2923 1380 2934 ¹

166 3071 167 3074 Ἴ
205 3009 280 3054 nunc
294 2990 346 3070 est,
364 3007 399 3054 ut
413 2990 530 3054 infirma
540 2991 608 3053 esset
619 2990 658 3052 ad
673 2989 862 3053 retundenda
874 2989 1008 3060 bostium
1019 2993 1086 3065 tela,
1101 2994 1132 3053 &
1142 2992 1227 3057 fortis

204 3079 268 3142 ellet
286 3081 325 3142 ad
348 3079 446 3142 civilia
467 3078 555 3152 bella,
579 3079 609 3140 8ο
633 3093 823 3160 peccatorum
846 3097 936 3139 onera
962 3075 1149 3153 sullinenda3
1182 3083 1227 3146 ῐηι

205 3163 295 3244 firma,
308 3170 442 3251 inquam,
455 3166 493 3229 ad
505 3165 681 3249 exequenda
692 3166 772 3250 pacis
784 3186 819 3230 ac
833 3167 964 3228 rerilatis
979 3164 1114 3248 insignia,
1126 3169 1156 3229 8ο
1165 3166 1227 3232 sor·

205 3254 239 3315 tis
253 3256 290 3317 ad
305 3255 423 3330 scelera,
447 3257 476 3316 dc
491 3255 653 3318 mendacia.
668 3253 674 3271 ¹
1140 3279 1149 3298 ·
1359 3330 1362 3335 Ι

242 3343 443 3406 Revertuntur
471 3363 545 3426 ergo
573 3341 762 3423 impudentes
786 3338 867 3424 gras·
955 3339 1078 3403 Hiberni
1093 3343 1276 3426 grassatores,
1288 3342 1320 3409 id
1335 3343 1390 3434 est,

201 3421 304 3494 satores
336 3432 473 3514 Hyberni
508 3430 649 3506 domum,
684 3449 745 3492 non
777 3429 869 3512 longo
913 3426 1019 3491 Scotti.

202 3515 260 3599 post
274 3537 409 3603 tempore
423 3514 577 3581 reversuri.
996 3552 998 3557 -

241 3607 315 3670 neti
344 3611 376 3671 in
397 3623 530 3672 extrema
556 3621 640 3688 parte
664 3601 765 3668 insulae
795 3617 868 3666 tuuc
953 3599 1032 3665 Pius·
1045 3617 1177 3671 extrema
1189 3601 1292 3670 insulae
1302 3609 1389 3696 iuba}

202 3691 336 3774 primum,
353 3695 384 3757 8ο
395 3695 543 3776 deinceps,
560 3689 778 3778 requiesierunt,
792 3705 866 3773 prae·
910 3690 1042 3781 bitena·

202 3779 248 3842 das
262 3783 291 3846 ἃ
304 3784 510 3846 contentiones
526 3799 739 3865 nonnunquam
752 3779 903 3843 facientes.
1305 3843 1309 3847 .

241 3873 273 3931 In
288 3871 398 3948 talibus
414 3873 516 3952 itaque
531 3871 658 3932 induciis
674 3865 803 3931 desolato
818 3867 932 3950 populo
944 3863 1015 3928 saeva
1029 3867 1152 3936 cicatrix
1167 3869 1220 3932 ob·
1257 3926 1258 3929 ,

203 3953 318 4022 ducitur
332 3958 429 4033 samis,
453 3959 513 4018 alio
527 3957 715 4019 virulentiore
735 3959 821 4016 tacite
836 3954 1015 4038 pullulante.
1050 3949 1356 4039 Qiescenterenffires

201 4058 296 4107 autem
309 4045 453 4122 nullitate,
479 4047 566 4106 tantis
579 4045 831 4108 abundantiarum
843 4043 937 4126 copiis
952 4041 1047 4112 insula
1057 4042 1221 4121 adfluebat,
1227 4035 1333 4093 insonte.

1168 4167 1187 4193 Ι

230 4232 243 4262 a
259 4215 463 4267 commemoratio
475 4217 536 4284 apud
547 4218 652 4268 Galeam.
688 4221 743 4266 Non
753 4216 806 4266 adeo
815 4214 883 4265 rede.
896 4271 899 4278 Ι
933 4212 946 4263 l
964 4215 1024 4281 Lege
1032 4213 1094 4280 ipsos
1102 4225 1147 4280 pro
1156 4215 1219 4282 ipsis.

200 4274 237 4328 Ita
250 4284 305 4332 enim
322 4287 345 4333 in
361 4283 471 4350 Jqscelt'nr',
488 4283 576 4350 allisque
586 4291 646 4334 vest.
663 4283 722 4335 ΕΜ.
740 4299 800 4348 ,ηοω
816 4281 841 4330 8ο
858 4279 920 4344 ipsos
932 4292 1027 4340 mutuo,
1044 4296 1087 4329 nce
1096 4285 1220 4350 perexigui

199 4345 272 4396 vissus
281 4351 347 4399 brevi
363 4347 517 4406 sustentaculo
528 4349 715 4398 miserrimorum
728 4349 817 4398 civium
830 4346 993 4394 latrociusndo
1003 4348 1175 4410 temperabant,
1193 4347 1218 4396 dc
1321 4381 1327 4392 .

199 4413 339 4475 augebantur
361 4417 409 4464 dac.
442 4413 466 4462 E
483 4413 551 4462 radice
569 4424 643 4463 nutem
656 4413 698 4479 sua
715 4411 782 4470 ntu'
798 4411 861 4459 malit
877 4410 906 4459 cl.
926 4411 1020 4470 Galeas,
1044 4415 1108 4460 Nam
1127 4411 1218 4460 laniant

199 4474 278 4540 seipsos
287 4491 383 4539 mutuo,
398 4479 441 4526 nec·
451 4489 495 4546 pro
505 4480 586 4544 erigut
596 4481 673 4528 vissus
684 4479 750 4527 brevi
761 4476 917 4525 sustentaculo
928 4477 1116 4540 miserrimorum
1126 4477 1217 4527 civium

199 4538 377 4607 latrocinando:
394 4544 573 4610 &augebantur
586 4546 635 4596 sac.
702 4545 820 4594 cDumis
830 4541 943 4590 consertis
954 4538 1000 4590 alii.
1141 4584 1145 4588 ,

731 4651 800 4714 12‘
940 4729 942 4733 .
1011 4708 1014 4714 .
1184 4657 1223 4731 ii!
