3392 5300
285 432 1113 547 auerunu-troonnnc‘raunn.
1295 482 1358 546 ιη

275 597 336 689 Qi
350 592 501 678 quondam
516 594 676 657 extiterant
691 590 795 655 famofi
810 593 871 659 late
886 617 938 679 per
953 597 1070 677 orbem,
1235 593 1294 661 ¹²8·
1306 614 1365 657 ur·

429 700 484 749 sena
494 709 559 747 tenet

275 774 408 852 Corpora
423 764 501 831 senet
517 768 627 829 horum
647 764 697 829 hic
714 787 843 831 marmor
858 768 1053 849 adumbrans,

277 858 460 939 Tumbaque
475 852 600 916 mirifico
616 852 739 935 praesens
755 854 899 919 fabricata
914 860 1021 921 decore

277 942 408 1026 Desuper
422 942 578 1025 exsculpto
599 943 718 1005 cohibet
739 964 808 1005 cum
822 949 953 1009 culmine
971 948 1062 1011 todia.
1088 972 1097 978 ·

275 1036 336 1096 Hos
351 1052 408 1115 ego
423 1033 597 1095 cudbertus
612 1027 684 1091 sacri
699 1028 841 1094 successor
855 1034 978 1097 honoris

275 1120 381 1183 iuclust
397 1121 529 1194 tumulis,
552 1122 756 1201 exornavique
780 1116 955 1203 sepulchris.

276 1208 480 1273 Pontificcsex
498 1208 544 1269 his
560 1222 660 1268 ternos
676 1205 756 1270 sacra
779 1206 880 1281 inlula'
894 1212 999 1288 cinxit,

274 1384 432 1457 Tortlrere,
452 1312 614 1460 wallone,
639 1383 669 1443 8(
681 1381 804 1464 Tythtil
820 1378 887 1445 lunt
903 1386 1045 1464 nomina;
1060 1408 1193 1473 quorum

286 1496 394 1563 Regulus
404 1493 436 1543 eil
449 1507 546 1559 quartus
564 1494 674 1543 Milfrith

273 1571 412 1653 tartus
427 1583 487 1624 erat
509 1564 631 1645 regulus
647 1562 787 1639 Milfrith,
808 1584 879 1627 cum
894 1568 1023 1651 conjuge
1037 1569 1129 1654 digna

273 1654 472 1740 Quenburga,
497 1648 608 1713 exstitit
623 1647 640 1712 ὲ
655 1649 728 1713 senis
740 1653 806 1713 haec
824 1653 932 1717 ordine
946 1660 1062 1737 quinta.

276 1748 386 1804 Sextus
403 1754 539 1821 ptaetcrea
553 1736 593 1800 est
609 1740 738 1801 Olhelmi
754 1738 834 1802 filius
848 1741 974 1809 Oslritlr.

275 1846 291 1877 0
310 1831 534 1911 *En-quorum
550 1827 661 1889 claudit
677 1828 782 1889 tumba
803 1831 853 1891 hic
867 1850 994 1913 corpora
1007 1828 1084 1900 sena.

274 1968 444 2032 Aurificum
463 1968 597 2030 manibus
618 1986 668 2029 vas
690 1966 747 2027 hoc
759 1930 824 2047 'ego
839 1968 968 2027 Cumma
976 1967 1116 2047 jubendo

275 2058 389 2130 abbas,
415 2057 507 2117 divini
531 2071 622 2117 nutus
637 2056 849 2129 moderamine,
874 2052 1000 2136 supplex

275 2146 403 2229 Argenti
417 2160 510 2227 atque
525 2147 590 2207 auri
606 2140 713 2225 perfeci
729 2142 861 2225 pondere
875 2144 983 2207 multo.

275 2316 288 2367 b
310 2326 328 2363 *
345 2320 492 2384 Cunnenh
505 2318 606 2393 abbas,
623 2316 675 2401 qui
686 2319 763 2378 venit
776 2316 835 2378 huc
848 2316 886 2378 de
897 2314 1092 2380 transmarina
1103 2322 1217 2386 Scottis

277 2412 342 2472 Hos
359 2409 527 2472 Colmanno
541 2409 599 2469 civi
615 2423 669 2467 tuo
684 2406 835 2487 quondam
854 2404 953 2467 versus
967 2407 1107 2473 diximus.

596 2519 677 2598 Epir:
695 2520 814 2599 Buggae.

276 2638 288 2672 ί
309 2628 327 2668 *
343 2622 403 2688 Hic
419 2620 529 2686 Christi
544 2640 639 2684 vernae
653 2641 761 2702 corpus
778 2618 831 2682 sub
852 2639 999 2683 marmore
1008 2622 1097 2704 jacet,

278 2707 445 2796 Supremos
462 2709 567 2774 mundi
589 2709 742 2772 concludit
759 2711 902 2771 terminus
916 2707 1001 2772 isthic
1089 2700 1092 2710 ’

273 2805 378 2888 Qarn
395 2800 537 2862 famulam
553 2795 637 2881 prisci
653 2811 758 2859 vocant
774 2797 811 2858 de
827 2797 947 2858 nomine
962 2802 1086 2884 Buggae.

275 2891 362 2952 illius
379 2909 449 2950 nam
465 2907 586 2970 gregem
602 2884 721 2948 sociavit
736 2886 866 2966 denique
881 2883 1011 2952 Christ0.

276 2977 415 3042 Plurima
430 2975 553 3040 basilicis
568 2975 663 3036 nutrit
680 2971 696 3020 d
712 2977 835 3057 pignora
849 2972 957 3055 puella.

276 3107 406 3169 Artibus
420 3105 461 3168 ell
478 3106 577 3188 multis
591 3104 725 3178 edocens,
750 3107 780 3166 8(
795 3103 904 3169 semina
918 3103 1024 3182 serens,

275 3194 391 3256 Sandis
407 3192 529 3258 suffirlta
545 3193 659 3278 prorsus
674 3198 785 3256 uirtute
800 3195 943 3274 tonantis.

278 3279 333 3344 Ast
349 3283 411 3344 hoc
426 3305 492 3346 nam
510 3283 654 3363 templum
670 3278 834 3344 construxit
849 3300 913 3346 arte
928 3281 1033 3364 perita,
1185 3352 1189 3360 ‚

276 3374 351 3454 Qua
368 3391 448 3434 nunc
463 3364 643 3433 Christicolae
657 3369 780 3431 laudant
795 3369 883 3432 simul
900 3392 952 3432 ore
968 3373 1141 3434 Tonantem
1152 3391 1172 3445 :x

275 3459 393 3522 Turba
407 3456 532 3524 fratrum
547 3460 670 3542 gentinis
686 3457 799 3534 adstant
819 3459 848 3520 8(
863 3459 950 3542 turba
966 3455 1107 3520 sororum·

275 3562 289 3594 e
311 3549 329 3585 ³
345 3545 504 3619 Cladibus,
528 3549 704 3608 concinnent
719 3548 864 3628 praeconia
879 3547 941 3632 regi
956 3543 1105 3628 polorum.

276 3637 460 3698 Coentuuini
475 3636 536 3698 haec
550 3635 639 3696 etiam
654 3633 712 3695 fuit
726 3657 763 3696 en
781 3637 829 3716 pia
843 3634 905 3695 lilia
918 3635 996 3718 regis

277 3721 411 3805 Duplilis
427 3725 456 3785 8(
470 3724 607 3795 clemens,
631 3720 738 3784 Christi
755 3743 810 3806 pro
826 3725 944 3786 nomine
956 3719 1040 3785 felix.

471 3835 512 3892 Et
524 3815 610 3912 paulo
628 3831 688 3910 post
703 3831 733 3892 in
749 3834 859 3915 Buggae
873 3833 945 3914 epita
1241 3845 1299 3912 hg.
1313 3859 1369 3905 (ις.
1423 3818 1425 3821 ¹

271 3937 295 4001 f
313 3938 335 3981 ¹*
351 3945 419 4004 Ter
434 3939 517 4002 denis
534 3941 687 4024 egregium
703 3936 876 4024 servansque
893 3940 972 4014 ovile
985 3941 1134 4022 docenter,

278 4031 296 4068 *
354 4044 479 4092 uattuor
492 4031 522 4090 8(
536 4028 625 4092 stmul
638 4039 729 4090 anuos
745 4031 794 4112 pia
808 4030 865 4092 rite
879 4030 1012 4112 regebat.

247 4142 299 4200 Ex
313 4140 444 4206 barbaro
458 4140 587 4238 carmine
606 4137 639 4198 de
658 4140 866 4219 consecratione
879 4138 1024 4224 cujusdam
1035 4138 1164 4226 bastlicae.

277 4249 315 4308 In
332 4245 482 4309 honorem
497 4244 731 4308 almillrmi-Ac
746 4245 879 4309 doctoris
895 4247 1061 4347 dulc'tffimi·

192 4443 199 4456 ι
224 4399 238 4430 a
256 4383 301 4442 Sic,
318 4400 371 4432 cum
384 4381 449 4445 asteri
460 4399 492 4444 ro,
511 4384 538 4433 dr
556 4398 605 4430 cam
617 4380 696 4455 duabus
704 4379 793 4448 pualir't
801 4381 845 4446 sub
860 4384 907 4431 ain
921 4385 1013 4444 tumba,
1031 4386 1060 4437 ὸ
1081 4387 1172 4437 totidem
1180 4386 1225 4454 sub

192 4447 303 4497 rcitlric.
357 4446 694 4512 bHichalemusasterffcuru.
761 4447 1014 4499 cUtiett’amhiclocr'.
1081 4455 1157 4513 dSic‚
1174 4468 1225 4501 cum

193 4511 252 4560 daal.
268 4513 360 4578 pandis
379 4513 418 4574 sui
430 4531 450 4572 r,
470 4515 497 4564 dr
508 4511 644 4578 totidrmsub
656 4528 679 4564 u.
714 4529 726 4562 e
742 4511 800 4562 little
815 4529 898 4581 quoque
908 4511 1225 4585 uotipraefigitarastrrrycut.

189 4575 211 4642 f
222 4579 255 4627 Er
265 4580 356 4648 utrique
368 4569 420 4627 but'c
436 4579 517 4648 versui.

1113 4639 1226 4713 'Sandii
