3392 5300
286 390 290 397 ’
332 412 686 507 auttouann
730 379 1163 486 cotancrauna.
1340 443 1387 511 99

219 540 255 613 in
283 568 375 626 mare,
400 549 454 615 ubi
477 546 494 611 i
519 546 619 613 Rheso
641 546 775 635 principe
800 568 837 617 ea
860 546 953 620 nodie
964 547 1112 636 decenter
1129 552 1258 636 exhibiti

132 698 133 705 ,
219 632 360 701 fuimus:
384 638 529 704 exlatere
545 652 643 715 tamen
666 633 887 711 Kemmeisens‚
911 643 970 698 nod
985 641 1092 719 procui
1114 639 1132 705 i
1151 660 1254 728 ponte,

218 740 389 789 convocato
416 725 548 808 partium
573 725 694 791 illarum
718 724 841 809 populo,
875 724 905 787 8<
931 738 993 787 tam
1015 725 1126 806 Rheso,
1160 752 1264 816 quam.r

218 812 344 877 duobus
366 813 436 877 sisiis
462 812 531 891 suis,
554 812 709 897 Mailgone
733 810 753 876 s.
774 812 803 875 dc
826 812 896 873 Gri·
1099 860 1248 927 Lelandus

215 900 328 981 phino,
352 898 556 983 praesentibus,
580 901 673 965 verbo
694 899 810 965 domini
834 915 896 962 tam
972 945 1420 1033 Gimldmpauloinferimffi

212 986 266 1139 ,adp
287 986 630 1089 archiepiscopo,·quam
653 986 822 1079 Menevenst
849 1007 894 1092 af·
938 1031 978 1094 de
993 1036 1133 1097 Stratflur
1146 1037 1282 1120 loquitur
1337 1044 1418 1110 ‘fini

258 1074 405 1151 tdracono,
421 1072 591 1159 persuasore
602 1076 732 1159 prolato,
746 1077 784 1140 ad
796 1095 893 1143 crucia
936 1119 1036 1198 ΚΜ,
1048 1120 1071 1188 ί
1083 1127 1257 1203 murcie,
1267 1063 1415 1195 &minin

145 1194 147 1201 ·
215 1159 395 1247 obsequium
411 1164 704 1233 multoeallexiruus.
1414 1230 1417 1235 ,

184 1322 189 1332 Ι
260 1254 296 1313 ln
311 1252 378 1315 loco
399 1272 470 1315 vero
485 1252 713 1336 predicationis,
729 1252 820 1333 juxta
839 1272 887 1314 ca·
977 1249 1188 1328 Sacellumcis
1203 1273 1327 1341 pontem
1340 1249 1414 1326 t‘a‘tss

212 1354 274 1421 put
298 1338 409 1423 pontis,
443 1355 589 1425 tanquam
614 1340 688 1401 tami
705 1353 719 1386 a
736 1338 888 1424 euaristus
931 1338 1057 1415 rieusem
1072 1339 1212 1426 positum.
1367 1331 1373 1342 ⁴

212 1424 399 1503 memoriale,
440 1427 540 1491 locum
576 1427 696 1511 capellae
731 1428 765 1494 iu
799 1426 888 1495 viridi

210 1510 1244 1687 {ruiturumaarum,ituriae

793 1650 802 1679 ,
832 1664 834 1669 .
1117 1653 1124 1669 .

257 1689 388 1755 Labitur
411 1706 513 1755 autem
533 1694 582 1755 hic
605 1690 659 1754 flu.
682 1693 830 1774 egregius,
855 1690 906 1756 cui
931 1712 1040 1755 nornen
1059 1692 1155 1767 Teivi,
1179 1714 1243 1777 prae

209 1776 329 1842 cunsiis
352 1780 502 1843 Cambriae
527 1778 624 1842 fluviis
650 1776 779 1843 salmone
805 1779 975 1864 praepingui
994 1767 1241 1853 soecundissimur.

209 1863 313 1931 Habet
336 1866 367 1929 8:
387 1864 542 1951 piscariam
557 1862 706 1950 copiosam
723 1866 811 1947 juata
824 1867 992 1933 Giikarram
1012 1868 1045 1929 in
1069 1862 1241 1935 summitate

509 1977 543 2027 sti
987 1963 992 1977 ’
1367 1972 1370 1981 ’

207 2048 295 2129 rupis
318 2042 482 2126 cujusdam,
509 2050 551 2108 So
573 2043 728 2109 Lheudoti
742 2044 880 2111 manibus
902 2043 1085 2128 exculptam,
1109 2047 1140 2112 in
1160 2046 1240 2122 loco,

206 2136 266 2216 qui
280 2134 387 2197 dicitur
407 2137 518 2197 Canart
539 2135 636 2210 Maur,
660 2152 820 2217 perquam
840 2154 919 2220 aqua
934 2132 1078 2215 praedista
1094 2133 1239 2200 transcur-

204 2240 277 2291 teus
291 2221 330 2285 ab
345 2221 407 2283 alto
431 2222 480 2300 (ut
498 2220 611 2305 assolet)
635 2240 705 2285 cum
720 2218 844 2305 strepitu
864 2240 976 2304 magno
994 2222 1032 2284 ad
1048 2223 1107 2285 ima
1121 2219 1237 2286 descen·

205 2308 267 2385 dit,
289 2309 344 2379 ubi
366 2310 396 2371 dr
411 2305 558 2373 sulmones
581 2308 620 2373 ab
633 2309 700 2371 imis
722 2309 760 2371 ad
780 2306 793 2357 t
811 2307 956 2375 summam
975 2310 1059 2390 rupit
1072 2311 1235 2375 concavita-

205 2410 271 2463 tem
285 2388 535 2481 quantumhastae
546 2394 767 2479 longisstmaeest
776 2396 906 2459 altitudo
915 2390 990 2458 saltu
1003 2395 1132 2461 mirabili
1144 2394 1233 2461 trans·
1258 2411 1381 2467 sumone

203 2482 355 2561 seruntur,
378 2486 418 2560 tt,
442 2483 498 2550 nist
521 2481 605 2567 piscis
621 2486 787 2568 proprietas
808 2485 866 2550 hoc
880 2484 1023 2567 exigeret,
1047 2480 1232 2549 miraculoso.
1278 2478 1377 2554 unae]

202 2574 274 2637 Hoc
297 2574 407 2643 etenim
431 2567 553 2656 piscium
573 2592 667 2658 genus
689 2568 794 2641 saltum
809 2571 924 2659 appetit
945 2590 984 2636 ex
1000 2584 1129 2660 natura3
1153 2572 1234 2638 unde

200 2663 234 2732 «ir
248 2661 267 2724 a
280 2657 354 2726 saltu
368 2659 461 2724 salmo
475 2679 585 2724 nomen
598 2661 721 2744 accepit.
1217 2702 1222 2730 ,

246 2748 333 2814 Sicut
346 2749 542 2818 enimavibut
555 2764 656 2812 contra
671 2748 771 2823 flatus,
787 2745 827 2810 sic
842 2743 1013 2830 &piscibus
1023 2745 1144 2827 mosesi
1158 2769 1232 2816 con·

199 2849 248 2900 tra·
269 2835 381 2902 flusius
406 2837 489 2907 eniti.
535 2839 615 2908 Cum
639 2835 829 2902 obstaculum
851 2837 1007 2901 inveniunt
1034 2854 1240 2921 praeruptum,¹
1317 2872 1320 2882 ·

198 2925 330 2996 caudam
343 2925 383 2988 ad
396 2946 431 2990 oa.
445 2923 611 3008 replicant:
635 2925 784 2988 interdum
800 2923 899 2998 etiam,
922 2924 961 2988 ad
976 2925 1118 3005 majorem
1138 2921 1231 2991 saltus

198 3011 401 3092 ‘efficatiam
424 3013 552 3090 paudum
575 3008 666 3094 ipsam
687 3033 740 3076 ore
754 2999 966 3096 comprimunt,
990 3012 1229 3094 dumqneicir-

196 3101 272 3166 culo
290 3098 498 3183 hujuscemodi
520 3097 549 3162 se
572 3097 671 3163 subito
685 3099 840 3176 resosvunt,
864 3119 935 3161 cum
953 3100 1067 3182 impetu
1081 3101 1227 3182 quodam,

198 3206 344 3278 tanquam
357 3191 445 3274 virgae
458 3187 607 3256 ciculum-
620 3186 824 3278 explicatione,
841 3183 870 3248 se
883 3187 922 3250 ab
936 3188 1003 3250 imis
1016 3187 1055 3252 ad
1069 3188 1140 3266 asta,
1156 3209 1228 3256 cum

196 3279 382 3342 intuentium
399 3278 604 3349 admiratione,
628 3275 841 3338 transmittunt.

239 3367 344 3437 Habet
358 3380 459 3434 autom
471 3366 501 3428 a
510 3363 563 3427 flu.
576 3361 628 3425 iste
639 3360 690 3430 sua
701 3359 881 3444 specialitate
893 3362 1033 3426 notabile.
1064 3367 1145 3426 Inter
1158 3364 1227 3428 uni·

196 3452 293 3518 uersos
311 3474 441 3536 namque
450 3453 606 3526 Cambriae,
623 3447 673 3513 seu
686 3452 778 3513 etiam
789 3451 937 3534 Loigriae,
952 3449 1069 3534 fluvios,
1084 3450 1164 3514 solus
1175 3451 1228 3520 hic

195 3541 323 3606 castores
339 3542 442 3606 habet.
485 3543 520 3604 iu
542 3540 669 3614 Albania
683 3541 806 3622 quippe,
829 3551 864 3600 ut
885 3535 989 3612 fertur,
1012 3537 1067 3600 siu.
1090 3537 1225 3604 similiter

197 3634 298 3704 unico,
323 3630 481 3702 habentur,
504 3623 553 3698 sed
580 3627 649 3701 ruri,
672 3627 729 3692 dte.
775 3624 891 3688 Ibidem
912 3625 950 3689 de
969 3621 1080 3704 castris,
1103 3647 1172 3710 quae
1191 3631 1359 3705 inciam,

194 3719 265 3801 ripis
280 3719 434 3790 muniunt,
457 3717 603 3777 &eorum
618 3727 732 3790 natura,
755 3713 953 3796 pulcherrima
965 3713 1056 3794 juxta
1070 3734 1103 3778 ac
1114 3712 1223 3781 dusiis·
1234 3716 1337 3768 Μαι

195 3806 267 3873 sima
282 3801 351 3867 suut
366 3823 434 3888 quae
449 3802 593 3864 Giraldus
607 3799 719 3864 scribit.
1101 3876 1105 3880 4
1174 3856 1177 3865 ,
1233 3777 1318 3832 ὼ·

238 3891 448 3960 Transrvimus
469 3901 569 3956 autem
592 3887 718 3950 acastre
738 3885 883 3971 praedidio
898 3885 996 3951 versus
1017 3903 1140 3972 pontem
1156 3892 1222 3957 Ste-

196 3981 297 4064 phani,
321 3983 400 4042 Cruc
413 3981 512 4054 Maur,
535 3978 557 4038 i.
573 3998 599 4038 e.
619 3976 694 4039 colle
709 3995 830 4058 magno,
849 3976 940 4056 juxta
954 3976 1107 4040 Aberteivi
1120 3976 1138 4040 ai
1151 3978 1222 4043 fint-

131 4137 134 4148 ,
196 4067 254 4132 stro
268 4067 359 4136 latere
372 4065 495 4140 relisi03
518 4062 963 4146 ubiGriphinus,filiusRhes1,
980 4061 1036 4126 filii
1047 4063 1219 4146 Theodori,
1304 4061 1308 4064 ⁴

197 4153 260 4240 post
274 4155 403 4229 obitum,
426 4153 504 4238 regis
519 4152 697 4236 Anglorum‚
713 4152 834 4218 Henrici
847 4152 944 4232 primi,
957 4151 992 4237 in
1003 4150 1087 4218 bello.
1096 4150 1223 4239 publico
1405 4147 1414 4165 ⁶

197 4241 231 4304 de
254 4243 434 4325 Anglorum-
445 4240 571 4324 populo,
597 4261 648 4322 per
673 4259 773 4300 necem
798 4238 908 4300 nobilis
927 4238 983 4300 viri
1008 4237 1127 4302 Ricardi
1151 4233 1219 4306 eta·
1253 4232 1259 4247 ⁸

197 4329 284 4404 tensis
308 4331 412 4414 (juxta
427 4329 646 4412 Abergerenni,
670 4339 705 4388 ut
721 4323 835 4398 didium
856 4324 899 4393 est
921 4325 1012 4410 paulo
1026 4343 1104 4405 ame,
1127 4316 1219 4395 imit.

329 4555 333 4558 ι
391 4488 564 4548 mutarentur
580 4485 610 4537 al.
669 4447 806 4544 dSumma
816 4481 879 4531 MS.
945 4483 1017 4532 cSie.

718 4577 749 4643 tt
772 4596 791 4648 2
846 4641 848 4645 ⁴
1115 4581 1221 4669 empti)
