3392 5300
345 484 418 562 ,ann

326 798 444 834 excreatus

328 849 451 898 Dacorum
490 813 590 891 bebat,
613 815 795 878 occidentem
809 815 907 878 versus
923 819 955 879 in
972 820 1182 892 Domnaniam,
1204 821 1242 879 ad
1268 820 1381 890 locum,
1405 822 1512 900 quidi-

328 717 449 798 aqueum
509 718 515 734 ’
533 680 630 790 Nolle
644 717 784 810 quadam,
799 725 911 792 foedere
926 729 1058 812 dirupto,
1080 749 1181 794 omnes
1195 731 1320 812 equitet,
1342 745 1358 776 ⁶
1372 751 1451 814 quos
1464 731 1512 794 ha·
1564 732 1566 857 p

606 457 1348 568 ·JoAnnrsnnnaun1

892 614 1009 678 Eodem
1024 636 1115 683 anno.

1564 572 1566 635 l

328 901 565 981 dampnaretur
585 903 711 988 Anglice
733 903 910 986 Exanceslre
939 906 1020 986 (qnae
1041 907 1139 967 civitas
1165 907 1196 966 in
1218 906 1354 967 orientali
1379 909 1443 988 ripa
1464 906 1511 968 slu:
1564 944 1565 949 κ

488 992 562 1053 Exae
576 989 629 1052 srta
643 989 696 1073 est)
722 1011 814 1072 prope
828 1012 909 1054 mare
922 992 1130 1067 meridianum,
1154 993 1259 1075 ibique
1274 995 1436 1071 hyemavit.
1564 1068 1565 1071 Ἴ

534 1083 624 1141 Anno
641 1082 897 1143 ncccnxxvul‘.
923 1083 1070 1142 exercitus
1086 1099 1269 1163 paganorum
1280 1079 1512 1144 Werhamdese-
1564 1084 1566 1125 l

490 1187 569 1241 rena,
593 1168 703 1248 partim
726 1167 901 1250 equitando,
926 1169 1034 1249 partim
1058 1166 1237 1254 navigando,
1260 1186 1460 1252 pervenerunt
1479 1171 1511 1232 ad
1564 1202 1566 1249 g

491 1255 604 1328 locum,
628 1255 682 1335 qui
703 1252 812 1315 dicitnr
827 1251 839 1300 l
856 1258 1035 1321 Suanaunic.
1102 1290 1105 1295 ,

535 1345 625 1403 Anno
641 1337 912 1404 occctxxvud.
930 1364 1057 1426 magnus
1071 1335 1255 1426 paganorum
1271 1345 1432 1420 exercituo,
1455 1344 1511 1428 posl
1564 1361 1566 1400 ;

388 1442 391 1450 ’
491 1419 733 1512 Theophaniam,
750 1428 872 1492 latenter
888 1431 1087 1514 Cippanham,
1102 1430 1200 1494 villam
1210 1432 1331 1514 regiam,
1348 1432 1435 1508 adiit,
1450 1454 1510 1516 qua
1564 1438 1565 1495 ἶ

346 2521 348 2526 -
395 2543 398 2548 ,
492 2480 531 2540 ad
556 2499 641 2541 naves
665 2499 717 2560 per
735 2477 839 2561 sugam
854 2479 969 2563 elapsis,
992 2481 1192 2564 pro‘slernunt,
1216 2480 1320 2564 ibique
1337 2499 1510 2565 acceperunt
1548 2508 1565 2535 α

491 1515 533 1578 est
558 1516 612 1579 fita
634 1518 664 1578 in
679 1515 812 1581 finistrali
827 1533 910 1598 parte
925 1539 1009 1604 pagae
1024 1517 1230 1595 Wiltunensrs,
1253 1523 1284 1584 in
1298 1521 1438 1584 orientali
1452 1521 1510 1605 ripn
1564 1522 1565 1573 ἶ

492 1605 547 1667 flu:
564 1607 660 1680 Avon,
684 1606 713 1665 a
728 1605 769 1667 ibi
789 1605 950 1686 hyemavit.
1181 1667 1185 1678 ,
1531 1621 1535 1634 ·
1564 1610 1565 1683 ᾗ

536 1691 649 1754 Eodem
669 1711 748 1755 anno
761 1689 852 1756 frater
864 1696 987 1777 Inguari
1009 1696 1039 1757 81
1054 1692 1229 1772 Healsdene,
1252 1715 1322 1758 cum
1343 1706 1412 1779 23³.
1435 1698 1510 1761 navi·
1564 1692 1565 1759 l

491 1779 561 1855 bus,
584 1778 621 1844 de
643 1781 794 1844 Demetica
814 1783 944 1864 regione,
966 1785 997 1844 in
1020 1804 1080 1866 qna
1100 1783 1299 1864 hyemaverat,
1322 1777 1387 1867 post
1408 1787 1510 1848 multas

492 1867 536 1931 ibi
558 1866 792 1931 Christianorum
816 1867 924 1953 strages
944 1867 1046 1945 fastus,
1070 1871 1108 1933 ad
1128 1873 1326 1933 Domnaniam
1339 1875 1510 1956 enavigavit,
1564 1886 1565 1901 ¹

494 1957 525 2018 a
544 1956 587 2021 ibi
604 1955 621 2018 a
640 1953 778 2019 minislris
798 1959 876 2040 regis
896 1980 968 2021 cum
987 1956 1227 2022 milleducentis
1251 1980 1406 2042 perperam
1429 1982 1511 2045 agens
1564 1966 1565 2043 ζ

852 2059 908 2108 alias
922 2065 948 2110 T
950 2062 1043 2111 inwith.
1564 2096 1565 2113 i

493 2123 605 2188 occisus
619 2123 661 2188 est
680 2139 746 2188 ante
760 2145 857 2190 arcem
871 2129 996 2208 Cynuit,
1015 2132 1044 2190 in
1059 2149 1121 2213 qua
1142 2149 1211 2192 arce
1225 2128 1314 2192 multi
1328 2127 1457 2193 ministri
1471 2151 1511 2194 re·
1564 2134 1565 2205 J

494 2216 539 2300 gis
554 2211 582 2275 se
597 2211 798 2277 concluserant
812 2214 948 2301 confugii
963 2217 1068 2280 caussa.
1225 2290 1227 2299 Ι
1564 2220 1565 2239 ’

538 2301 683 2365 Diluculo
697 2299 783 2383 super
799 2323 930 2386 paganos
944 2324 981 2367 ex
1000 2301 1157 2388 improviso
1171 2307 1353 2388 irrumpunt,
1377 2306 1511 2389 &prima
1564 2298 1565 2311 ¹

493 2390 567 2454 hora
581 2389 676 2454 hostes
692 2389 846 2466 hostiliter,
862 2412 931 2454 cum
946 2414 1015 2476 rege
1029 2391 1091 2470 suo,
1111 2392 1240 2469 maxima
1253 2414 1291 2456 ex
1306 2408 1399 2476 parte,
1417 2399 1510 2476 paucis
1564 2430 1565 2495 q

492 2564 584 2648 spolia
607 2586 666 2628 non
690 2566 821 2626 minima.
864 2571 899 2628 In
924 2589 988 2650 quo
1009 2573 1097 2632 etiam
1122 2584 1300 2653 acceperunt
1322 2569 1399 2631 illud
1426 2569 1510 2632 vexil·
1564 2542 1565 2595 l

329 2662 415 2711 Raven
426 2676 485 2709 vex·
494 2655 568 2727 lum,
591 2654 674 2735 quod
690 2658 808 2716 Reaven
828 2656 994 2733 nominant,
1011 2658 1068 2722 &o
1103 2660 1147 2719 Ut
1161 2655 1271 2720 sorores
1288 2661 1446 2743 Hynguari
1460 2660 1510 2722 hoc

330 2727 400 2775 ⁵¹¹¹¹¹¹¹
412 2731 462 2775 ¹³³·
483 2741 632 2805 vexillum
651 2755 820 2805 texuerunt.
1564 2749 1565 2754 ’

329 2808 426 2841 norum·

514 2833 626 2897 Anno
645 2829 749 2893 eodem
771 2828 836 2913 post
851 2828 959 2893 Pascha
973 2828 1125 2895 AElsredus
1147 2853 1198 2895 rex
1212 2854 1282 2895 cum
1305 2834 1410 2917 paucis
1433 2834 1510 2915 adju·
1564 2799 1565 2802 Ἴ

343 2914 401 2981 3²3·
416 2932 471 2974 ¹9³·
494 2918 609 2980 toribus
624 2914 694 2979 fecit
717 2936 810 2979 arcem
826 2918 857 2979 in
872 2916 948 2993 loco,
971 2922 1026 3003 qui
1042 2920 1152 2982 dicitur
1166 2922 1405 3006 Ethelingaeige,
1429 2924 1458 2985 a
1477 2924 1511 2984 de
1564 2985 1565 2988 ,

491 3002 551 3089 ipsa
573 3026 638 3068 arce
660 3001 774 3086 semper
797 3026 866 3067 cum
880 3008 1030 3071 nobilibus
1052 3008 1163 3070 vassalis
1188 3005 1411 3073 sumersetensis
1433 3030 1510 3092 paga
1564 3049 1565 3090 3

491 3111 594 3157 contra
618 3114 745 3176 paganos
760 3093 982 3177 infatigabiliter
995 3096 1156 3159 rebellavit.
1201 3100 1377 3180 Iterumque
1397 3100 1428 3160 in
1443 3099 1510 3161 heb·
1555 3111 1565 3150 ἲ

491 3182 620 3247 domada
636 3190 683 3261 7¹¹.
703 3180 767 3266 posl
781 3182 890 3245 Pascha
904 3184 943 3247 ad
962 3200 1078 3268 petram
1092 3183 1246 3269 Ecgberti,
1269 3204 1338 3267 quae
1357 3184 1401 3249 est
1415 3186 1446 3249 in
1457 3177 1510 3249 oriss

1039 3290 1062 3339 el

492 3362 582 3426 entali
597 3375 678 3445 parte
696 3354 794 3434 saliua,
818 3361 870 3445 qui
891 3359 1001 3423 dicitnr
1016 3358 1150 3433 Salwnd,
1174 3359 1281 3422 Latine
1305 3374 1405 3424 antem
1427 3362 1512 3443 Sylva
1564 3401 1565 3408 κ

490 3470 605 3534 magna,
632 3446 833 3531 requiravir',
863 3448 965 3532 ibique
986 3448 1179 3511 obviaverunt
1210 3445 1250 3509 illi
1277 3468 1382 3511 ornnes
1408 3450 1512 3512 accola

489 3538 720 3621 Hamptunensrs
737 3538 815 3623 pagi.
1564 3615 1565 3618 Ἴ

535 3628 652 3689 Exinde
675 3624 768 3687 caslra
791 3643 993 3701 commovens,
1023 3622 1104 3685 venit
1130 3621 1168 3683 ad
1194 3621 1304 3698 locum,
1327 3624 1383 3707 qni
1406 3624 1512 3688 dicitur

489 3713 582 3797 Iglea,
597 3716 634 3787 ¹8c
650 3713 692 3775 ibi
709 3734 767 3775 una
781 3712 868 3774 nodie
882 3712 974 3774 castra
989 3726 1116 3773 metatus
1130 3708 1182 3775 est.

533 3800 631 3864 Nolle
644 3800 703 3875 illa,
728 3821 798 3863 cum
813 3796 842 3862 se
856 3796 952 3881 sopori
967 3798 1100 3873 dedisset,
1124 3800 1261 3881 apparuit
1272 3799 1298 3860 ei
1313 3800 1455 3883 quaedam
1472 3796 1511 3862 es·

488 3889 584 3972 figies,
601 3886 691 3971 spetie
707 3892 738 3949 S.
754 3888 854 3963 Neoti,
870 3887 1022 3970 quondam
1036 3886 1100 3965 ejus
1112 3885 1263 3947 familiaris
1277 3889 1374 3958 amici,
1401 3909 1436 3950 ac
1447 3908 1511 3970 pro·

488 3978 605 4061 pinqui,
629 3976 854 4058 admonuitque,
878 3992 913 4036 ut
936 3996 1054 4037 omnem
1074 3992 1216 4036 terrorem
1231 3976 1262 4035 &
1278 3989 1393 4037 metum
1408 3976 1512 4039 barba·

409 4120 414 4127 .
488 4086 591 4128 rorum
606 4063 754 4144 abjiceret.

397 4619 401 4633 ·
489 4599 585 4664 nostram
598 4600 628 4650 ad
637 4599 690 4651 vile
697 4598 804 4666 pradilia
811 4612 867 4667 pag.
880 4610 933 4660 5²··
986 4598 1107 4651 cEerd.
1121 4598 1233 4653 Castana.

530 4154 621 4213 Mane
636 4149 819 4213 illucescente
833 4148 942 4213 vexilla
961 4168 1151 4212 commovens
1166 4148 1245 4223 inde,
1268 4147 1306 4209 ad
1323 4149 1437 4225 locum,
1461 4150 1512 4231 qui
1564 4217 1565 4224 ἵ

488 4238 598 4303 dicitur
612 4240 814 4314 AEthandnne,
839 4240 896 4301 &o
940 4235 1012 4323 Qo
1036 4238 1128 4299 modo
1150 4255 1332 4321 paganorum
1347 4240 1511 4301 exercitum

523 4420 537 4449 a
580 4418 623 4451 uos
634 4418 676 4451 rex
687 4402 798 4462 habebat,
806 4402 902 4461 occidit,
914 4402 1015 4466 indeque
1025 4401 1106 4451 versus
1118 4401 1169 4451 dt.
1179 4402 1202 4449 in
1213 4401 1262 4452 Ed:
1272 4401 1330 4453 Gal:
1340 4401 1433 4451 relatus.
1456 4405 1512 4450 Pto·
1564 4461 1565 4472 ἵ

490 4468 611 4517 fettusnl
622 4479 697 4517 tamen
700 4467 837 4535 subintelligi
855 4468 942 4517 debent.
970 4472 1012 4516 Ne
1019 4467 1089 4534 plara
1104 4467 1141 4515 hic
1152 4466 1191 4515 loci
1202 4467 1272 4515 dicam
1283 4467 1356 4538 fffsssl
1374 4477 1427 4517 nota
1441 4468 1511 4532 nostra

489 4534 520 4581 ad
538 4532 731 4598 AEffredi'vilnrn
749 4532 955 4599 Spesmama'anom,
969 4545 1025 4599 pag.
1043 4550 1084 4591 49.
1103 4550 1169 4598 quam
1187 4532 1275 4597 videfis.
1342 4532 1354 4582 b
1373 4534 1429 4582 Vide
1440 4544 1511 4582 notam

1388 4663 1508 4742 suderit,
