3392 5300
269 492 623 581 ANTIQUARII
667 492 1102 560 COLLECTANEA.
1275 496 1324 584 69¹

224 639 315 724 Igitur
327 635 480 701 intromiiii
494 637 526 698 in
541 632 664 698 insulam
677 632 808 711 barbari,
830 634 924 698 veluti
940 636 1057 711 milites,
1077 640 1196 721 magna,
1210 638 1313 684 ⁸³¹⁰ssoe
1323 634 1353 685 fi·

187 742 218 791 ut
230 726 457 802 mentiebantur,
473 722 638 792 discrimina
653 742 709 807 pro
720 721 806 787 bonis
817 720 982 806 hospitibus
993 721 1128 803 subituri,
1143 728 1198 789 int·
1209 701 1348 815 ωρᾞζζζζξ

1005 846 1019 879 e
1209 831 1366 881 clauderem·

186 913 296 984 petrant
307 899 360 963 srbi
371 918 497 962 annonas
512 897 586 975 dari,
602 918 673 981 quae
687 897 786 963 multo
799 909 934 984 tempore
947 900 1108 985 impartitae
1119 900 1198 965 clau·
1211 899 1249 947 nis
1263 899 1364 973 faw-

186 986 288 1062 serunt,
312 1003 345 1049 ut
359 988 479 1063 dicitur,
503 990 583 1049 canis
600 984 727 1049 faucem.

225 1079 296 1139 item
313 1090 327 1121 α
346 1089 528 1158 quaeruntur
551 1094 612 1137 non
631 1073 795 1137 adfluenter
817 1072 872 1137 fibi
891 1071 904 1121 l
920 1076 1067 1159 epimenia
1088 1075 1198 1140 contri·
1212 1080 1346 1131 Calumniae

185 1162 245 1237 bui,
266 1162 429 1227 occasrones
452 1160 489 1225 de
509 1160 658 1227 industria
673 1162 849 1235 colorantes
872 1163 913 1238 tir,
937 1164 968 1225 ni
991 1162 1137 1247 profusior
1153 1162 1200 1227 'eis
1214 1154 1346 1199 ⁵²¹⁰¹¹¹¹¹¹¹·

185 1250 393 1332 magnificentia
407 1248 622 1327 cumularetur,
645 1247 801 1325 testantur,
823 1246 851 1312 se
865 1250 973 1314 cundia
991 1249 1094 1314 insulae
1108 1268 1201 1335 rupto

185 1334 292 1401 soedere
306 1338 550 1421 depopulaturos.

224 1429 286 1489 Nec
310 1446 394 1511 mora
416 1426 510 1487 minas
524 1423 680 1488 effesiibus
698 1438 709 1471 ι
727 1420 932 1508 prosecuntur.
976 1426 1202 1493 Confovebatur
1214 1428 1258 1476 WS
1269 1439 1347 1494 arm

185 1532 317 1597 namque,
333 1510 549 1593 ultionisjnsiae
560 1513 792 1596 praecedentium
803 1512 1064 1593 scelerumcauffa,
1080 1516 1202 1582 dentati
1215 1498 1346 1545 ⁵²¹⁰¹¹¹¹¹¹¹'

186 1598 325 1683 usquead
340 1621 428 1676 mare,
441 1601 517 1685 ignis
528 1600 664 1663 orientali
678 1599 887 1685 sacrilegorum
898 1622 987 1665 manu
997 1599 1202 1687 exaggeratus,
1213 1599 1353 1677 09¹¹ssssst-

185 1685 200 1733 ὅ
216 1688 352 1752 finitimas
369 1685 500 1773 quasque
520 1688 650 1751 civitates
664 1685 808 1773 agrosque
823 1690 981 1774 populans,
1004 1702 1066 1753 non
1088 1692 1204 1774 quievit
1214 1676 1249 1713 ²¹⁰
1260 1668 1351 1714 ΒΜ

185 1774 324 1852 accensus,
349 1777 456 1852 donec,
480 1774 618 1840 cundiam
641 1796 716 1858 pene
738 1797 863 1843 exurens
883 1777 984 1840 insulae
1007 1776 1202 1862 superficiem,

185 1862 271 1925 rubra
284 1865 500 1929 occidentalem
514 1866 653 1948 trucique
665 1884 809 1928 oceanum
824 1864 927 1949 lingua
945 1866 1136 1932 delamberet.
1458 1941 1460 1944 ¹

225 1956 269 2013 Ita
284 1968 317 2014 ut
335 1952 453 2015 cunsiae
475 1952 602 2015 colouiae
616 1952 727 2015 crebris
741 1952 893 2029 arietibus,
916 1951 1077 2037 omnesque
1090 1954 1201 2031 coloni,
1215 1948 1322 2001 ΕΜ*
1332 1951 1370 1999 vi-

184 2058 249 2101 cum
265 2038 431 2123 praeposrtis
445 2038 583 2114 ecclesrae,
599 2059 668 2103 cum
682 2037 882 2103 sacerdotibus
896 2061 930 2103 ac
945 2044 1071 2124 populo,
1087 2062 1202 2106 mucro·
1215 2014 1352 2130 {semim
1378 2101 1380 2114 ,

185 2126 269 2189 nibus
292 2127 430 2211 undique
450 2127 640 2203 micantibus,
661 2146 695 2190 ac
718 2128 846 2190 flammis
867 2130 1093 2211 crepitantibus,
1117 2130 1204 2194 srmul
1217 2149 1270 2195 uus.
1309 2163 1315 2173 ¹

150 2210 154 2218 “
184 2212 241 2276 solo
254 2214 458 2291 sternerentur,
482 2217 512 2276 δι
529 2212 686 2279 miserabili
707 2211 769 2277 visu
792 2218 823 2277 in
838 2217 940 2279 medio
952 2214 1123 2299 platearum,
1146 2238 1207 2280 una
1228 2213 1285 2277 ¹³²2·
1299 2229 1338 2290 2⁰,-

185 2305 309 2365 turrium
323 2304 443 2366 cardine
458 2299 569 2377 avulso,
592 2322 810 2385 murorumque
820 2300 965 2366 celsorum
977 2301 1054 2379 saxa,
1071 2303 1150 2371 sacra
1164 2308 1206 2367 al·
1218 2276 1364 2391 3332*

185 2392 266 2464 taria,
289 2390 469 2454 cadaverum
483 2387 587 2464 srnsta,
611 2388 712 2453 crustis
727 2394 870 2473 purpurei
885 2392 997 2453 cruoris
1011 2390 1101 2467 tesia,
1124 2393 1206 2455 velut
1218 2408 1320 2457 ciorum.

184 2477 215 2538 in
229 2480 362 2560 quodam
379 2477 530 2542 horrendo
546 2477 686 2541 torculari
700 2476 785 2541 misia
800 2478 981 2554 viderentur,
1001 2479 1032 2541 dc
1043 2479 1124 2543 nulla
1138 2479 1207 2544 esset

187 2567 374 2642 omnimodis,
393 2581 502 2650 praeter
517 2565 680 2628 domorum
691 2568 801 2641 ruinas,
816 2564 975 2630 bestiarum
989 2566 1207 2653 volucrumque
1217 2571 1336 2651 cadam

185 2669 309 2734 ventres,
334 2658 367 2719 in
394 2656 494 2718 medio
513 2648 670 2737 sepultura,
694 2651 771 2717 salva
790 2648 960 2717 sanstarum
982 2658 1149 2722 animarum
1162 2637 1344 2721 re·¹¹¹s⁶P¹¹¹‘³⁴

186 2745 323 2819 verentia,
348 2743 371 2806 s1
396 2759 495 2805 tamen
511 2741 617 2804 multae
636 2742 761 2804 inventae
784 2739 871 2818 srnt,¹
939 2784 977 2850 N·
1012 2788 1020 2803 .
1096 2786 1171 2854 Hm
1273 2789 1307 2856 di

185 2849 252 2911 quae
267 2832 306 2894 ad
321 2831 415 2894 ardua
430 2831 497 2894 coeli
511 2829 543 2892 id
562 2829 703 2915 temporis
718 2828 735 2892 ὲ
748 2825 853 2892 faustis
896 2873 953 2940 stul
969 2807 1124 2940 11111ῗέ.Ιὲ
1157 2809 1259 2940 dei’stn‘
1306 2807 1373 2857 ω

184 2917 290 3001 angelis
305 2921 494 2982 veherentur.
673 2925 675 2940 '
956 2889 1037 2951 Μ
1082 2898 1092 2938 ¹
1125 2895 1144 2938 ²
1221 2897 1303 2942 m

226 3010 333 3091 ltaque
347 3007 484 3070 nonnulli
498 3002 669 3070 miserarum
683 3003 877 3088 reliquiarum
891 3008 923 3070 in
936 3005 1087 3070 montibus
1101 3009 1208 3090 depre-

186 3089 264 3156 hensi
277 3095 439 3158 acervatim
456 3093 697 3176 jugulabantur:
720 3094 768 3156 alii
788 3092 867 3157 fame
885 3093 1015 3159 consesti
1027 3096 1208 3174 accedentes,
1219 3092 1349 3171 1³¹¹stan

184 3201 289 3244 nunus
303 3182 442 3246 hostibus
456 3182 569 3246 dabant
583 3183 614 3244 iu
630 3201 730 3244 aevum
743 3179 890 3259 servituri,
913 3183 934 3246 sr
950 3198 1046 3245 tamen
1063 3203 1124 3247 non
1136 3203 1208 3249 con·
1220 3174 1275 3276 ’ἐξ
1286 3157 1359 3209 “m‘

187 3269 268 3331 tinuo
284 3272 513 3344 trucidarentur,
537 3266 620 3352 quod
634 3267 775 3331 altiffimae
794 3270 899 3352 gratiae
913 3269 1009 3334 stabat
1020 3270 1097 3334 loco.

226 3357 285 3421 Alii
311 3355 520 3421 transmarinas
543 3355 683 3439 petebant
707 3356 853 3441 regiones,

185 3461 251 3506 cum
271 3445 392 3509 ululatu
407 3465 527 3530 magno.

223 3533 286 3597 Alii
316 3535 468 3597 montanis
500 3531 638 3606 collibus,
675 3529 856 3610 minacibus,

185 3624 356 3706 praeruptis,
380 3622 493 3684 vallatis
507 3623 537 3684 u
552 3617 721 3696 densissimis
736 3618 868 3694 saltibus,
890 3616 1068 3704 marinisque
1087 3624 1212 3707 rupibus
1222 3618 1335 3702 latibuli

185 3709 284 3787 vitam,
313 3707 450 3792 suspesia
470 3707 583 3792 semper
597 3722 707 3786 mente,
730 3708 892 3786 credentes,
915 3711 947 3772 in
962 3710 1058 3792 patria
1071 3708 1140 3774 licet
1154 3726 1212 3776 tre·
1223 3693 1316 3780 Β-ῗωῖ
1334 3724 1338 3731 ’

132 3805 133 3812 ’
186 3797 247 3878 pidi
262 3797 447 3880 perstabant.

227 3887 388 3968 Tempore
421 3887 514 3968 igitur
539 3885 750 3948 interveniente
768 3899 780 3931 ι
797 3883 961 3966 aliquanto,
991 3905 1062 3949 cum
1090 3883 1214 3950 receffrs·

185 3967 247 4034 sent
260 3973 393 4036 domum
408 3973 597 4036 crudelissimi
612 3973 778 4056 praedones,
800 3970 979 4034 roborataei
998 3977 1065 4036 Deo
1078 3975 1216 4058 reliquiae
1296 4021 1300 4028 ·

187 4058 313 4140 (quibus
328 4059 359 4124 se
375 4064 562 4145 conjungunt
577 4061 711 4144 undique
730 4060 767 4122 de
782 4058 903 4122 diversas
918 4061 991 4122 locis
1002 4057 1159 4124 ‘miserrimi
1172 4061 1215 4125 ci·

185 4165 244 4223 ves,
268 4165 333 4212 tam
361 4151 447 4212 avide
461 4169 555 4233 quarn
571 4167 645 4232 apes
664 4147 792 4210 alveariis
815 4149 945 4230 procella
966 4149 1154 4233 imminente)
1176 4148 1215 4214 si·

941 3393 1155 3469 Britannorum
1181 3402 1213 3468 iu
1239 3401 1379 3478 Armati*

941 3507 1005 3563 cam
1019 3489 1236 3575 commigratio.⁴
1283 3494 1287 3499 ’

215 4339 230 4369 α
247 4321 327 4372 Potius
337 4333 472 4386 queruntur
483 4337 510 4372 ex
520 4321 583 4371 Edit.
594 4320 650 4371 Gal'.
684 4319 696 4370 b
714 4321 737 4370 E
753 4315 890 4386 ‘meniasunt
900 4321 1006 4387 expensa,
1016 4321 1058 4372 vel
1065 4321 1169 4382 tannia,
1177 4319 1220 4371 vei

184 4386 277 4446 tulate,
296 4403 343 4453 qua
354 4387 439 4437 dantur
448 4400 489 4439 aer
495 4386 594 4454 fiagusor
605 4386 689 4451 menses
695 4387 725 4451 po
753 4385 864 4450 defessam
874 4385 939 4446 lune,
954 4387 970 4434 i.
982 4404 1002 4436 e.
1012 4387 1061 4452 post
1071 4387 1218 4437 novilunium.

183 4451 231 4500 Hoc
246 4451 316 4518 liquet
335 4462 388 4502 tam
404 4471 430 4508 ex
445 4442 540 4517 'Ifidora
557 4469 623 4530 paam
639 4468 666 4504 er
685 4451 733 4504 aliis
741 4450 897 4520 scriptoribus,
913 4460 939 4500 ut
957 4452 1035 4505 utare
1052 4453 1083 4516 est
1096 4453 1158 4518 apud
1166 4455 1219 4500 Du·

187 4518 311 4584 Frrffnium.
347 4521 423 4567 cSic.
456 4516 682 4566 dEtfinttimasaI.
716 4515 1018 4577 estadistiuxitLeiaudut.
1046 4518 1220 4584 Atquiasiim

181 4583 230 4652 post
241 4582 382 4654 aliquanto,
392 4585 493 4651 srdmar
501 4583 551 4650 post
560 4582 932 4649 intervenientecommapaaunt.
1323 4625 1331 4638 ,
