3392 5300
221 571 228 575 -
291 477 647 568 ANTIQUARII
690 479 1131 546 connitenti-Eu
1303 477 1345 564 63
1478 559 1481 568 Ι

196 617 867 790 dliltitlilllllillil
911 619 1391 793 idtii’ttliilligllm

186 806 190 812 ’
240 801 324 883 Quae
338 796 409 860 licet
421 797 460 860 ab
475 796 579 860 incolis
593 796 694 880 tepide
707 791 840 878 suscepta
856 793 923 872 fint,
947 797 1028 880 apud
1043 791 1190 880 quosdam
1410 786 1411 794 ἵ

195 900 299 948 tamen
313 885 440 970 integre,
462 884 492 947 dr
511 887 585 947 alios
598 886 698 947 minus
719 879 869 967 usquead

196 969 432 1056 persecutionem
461 970 640 1036 Dioclesraui
667 969 787 1054 tyranni
815 991 869 1034 no·
914 982 965 1047 tp
982 969 1354 1037 PersecutioDioclesrani.

196 1055 667 1225 metiriiltriinliirssuicciiiigfrii
680 1073 870 1210 cplenrstptpp
957 1145 1044 1214 Libri
1056 1141 1129 1210 sacri
1143 1145 1302 1213 combusii.
1340 1153 1342 1158 ’

196 1257 258 1298 crae
272 1233 438 1318 scriptum,
461 1256 531 1318 quae
545 1233 673 1299 inveniri
698 1248 868 1317 potuerant,

196 1323 231 1386 in
251 1323 352 1406 plateis
365 1320 487 1396 exustae,
509 1323 540 1385 u
552 1322 640 1387 elesii
660 1319 824 1384 sacerdotes
846 1322 945 1406 gregis
959 1319 1076 1386 domini
1089 1343 1162 1385 cum
1175 1321 1223 1386 in·

198 1409 381 1510 nocentibus
399 1408 507 1474 ovibus
522 1410 679 1484 trucidati3
703 1410 744 1472 ita
769 1426 801 1471 ut
815 1429 854 1470 ne
870 1408 1029 1493 vestigium
1042 1410 1178 1492 quidem,
1199 1411 1226 1476 st
1266 1449 1270 1458 ·

199 1497 243 1560 ita
258 1498 323 1560 fiert
340 1498 487 1581 potuisset,
511 1498 543 1561 iu
558 1497 711 1563 nonnullis
725 1495 888 1580 provinciae
903 1497 974 1561 locis
988 1495 1165 1576 Christianae
1177 1520 1224 1562 re-

199 1585 322 1669 ligionis
336 1603 501 1669 appareret.
529 1631 532 1635 -
686 1622 688 1625 ·

244 1675 292 1736 Ne
307 1673 425 1756 penitus
437 1673 527 1738 cralla
546 1687 620 1734 atrae
636 1670 734 1736 notus
748 1671 873 1755 caligine
886 1671 1038 1736 Britannia
1053 1671 1223 1737 obscurare-

200 1776 262 1837 tur,
290 1777 306 1810 ⁶
319 1760 488 1825 clarissimos
512 1759 664 1844 lampades
686 1757 857 1824 sanctorum
881 1777 1048 1844 martyrum
1071 1761 1157 1826 nobis
1175 1785 1223 1827 ac·

199 1848 311 1924 uendit,
334 1869 468 1934 qnorum
485 1867 565 1911 nunc
586 1868 751 1928 corporum
771 1845 866 1931 sepul·

199 1949 290 2012 tnrae,
312 1937 343 1999 de
358 1937 522 2019 passionum
536 1935 610 2012 loca,
633 1935 731 1998 finon
744 1935 867 2019 lugubri
943 1935 1389 2019 Sepulturaemattyruminliti-

200 2023 332 2088 divortio
347 2027 556 2098 Barbarorum,
572 2043 665 2108 quarn
685 2024 811 2107 plutima
824 2025 866 2086 ob
913 2024 1389 2096 tanniaincursronessarbarorum

200 2109 307 2176 scelera
320 2111 429 2187 noslra,
447 2110 561 2176 civibus
575 2111 786 2186 adimerentur,
809 2131 870 2173 non
914 2112 1016 2174 multis
1030 2113 1102 2175 locis
1113 2110 1286 2177 obscuratae.

201 2199 365 2262 minimum
391 2199 576 2279 intuentium
604 2197 757 2264 mentibus
782 2199 870 2268 ardor
1000 2200 1145 2262 Albanus.

201 2309 268 2350 nem
294 2287 407 2350 divinae
432 2285 585 2351 charitatis
614 2286 790 2348 incuterent.
836 2290 869 2348 8.
913 2327 917 2338 ·
1000 2293 1113 2352 Aaron.

200 2373 357 2438 Albanum
373 2370 635 2450 Verulanueusetm
657 2378 760 2437 Aaron
772 2375 802 2436 dr
813 2377 869 2455 Ju-
999 2373 1145 2453 Julianus.

200 2462 319 2542 lianum
340 2463 511 2547 Legionum
531 2461 616 2525 urbis
635 2461 722 2537 cives,
745 2460 868 2524 ceteros·
1119 2515 1122 2522 ,

201 2571 263 2634 que
277 2547 433 2634 utriusque
455 2547 543 2615 sexus
565 2549 686 2612 diverfis
708 2551 740 2611 in
763 2550 834 2612 locis
849 2547 962 2612 summa
980 2550 1223 2634 magnanimitate

202 2641 233 2703 in
255 2641 318 2702 acie
340 2637 448 2702 Christi
472 2636 641 2724 perstantes,
665 2638 745 2701 dico.
790 2641 932 2723 Qornrn
957 2639 1036 2722 prior
1055 2638 1221 2725 postquam,

202 2726 355 2790 charitatis
378 2728 482 2811 gratia,
511 2725 712 2800 causalitatem,
735 2723 868 2809 persecu·

203 2816 321 2879 toribus
339 2812 522 2890 inscitatum,
540 2814 569 2877 dr
580 2816 642 2896 jam
653 2817 777 2897 jamque
787 2835 869 2878 com·
955 2816 1154 2897 Amphibalns
1194 2818 1232 2881 de
1269 2821 1388 2892 nuntiae

205 2903 451 2987 prehendendum
474 2904 604 2982 (imitans
624 2902 696 2965 &in
711 2902 768 2966 hoc
782 2903 871 2965 Chri·
913 2903 1012 2965 Gildae
1028 2906 1157 2987 ignotus.

204 2992 295 3066 sium,
325 2994 454 3054 animam
476 3012 534 3075 pro
556 2989 664 3054 ovibus
687 2995 869 3074 ponentem)

204 3080 299 3142 domo
313 3080 452 3161 primurn,
475 3100 509 3140 ac
524 3080 646 3141 mutatis
660 3078 782 3140 demum
798 3094 906 3141 mutuo
920 3076 1060 3152 restibus,
1078 3077 1219 3157 occuluit,

204 3168 233 3229 la
256 3164 288 3228 se
301 3163 462 3229 discrimini
476 3169 508 3230 in
528 3163 627 3229 fratria
639 3162 797 3246 supradicti
818 3166 995 3229 vestimentis
1009 3167 1140 3229 libenter
1155 3188 1220 3250 per·

203 3252 386 3338 sequendum
397 3253 502 3331 dedit3
524 3254 566 3316 ita
580 3254 639 3316 deo
652 3253 778 3336 placens,
802 3254 880 3317 inter
891 3252 999 3317 sacram
1014 3251 1222 3318 consessionem

203 3362 409 3425 cruoremque.
433 3362 534 3405 coram
545 3342 655 3425 impiis,
679 3345 813 3404 Romana
828 3333 896 3405 tuin
909 3342 1054 3426 stigmata,
1070 3362 1139 3405 cum
1150 3341 1220 3405 hor·

203 3430 286 3494 riblli
301 3427 436 3507 santasra,
457 3428 697 3515 praeferentibus,
719 3427 871 3514 fignorum
885 3430 1033 3493 miraculis
1046 3430 1222 3494 mirabiliter

202 3516 365 3581 adornatus
383 3517 435 3596 est,
446 3519 640 3583 tutoratione
652 3512 788 3599 ferventi,
811 3515 902 3583 instar
913 3514 1099 3581 Israheliticae
1114 3519 1222 3581 arentia

203 3607 270 3683 viz,
294 3602 452 3690 minusque
474 3606 563 3681 tritae,
588 3604 693 3687 (slante
706 3605 758 3668 diu
780 3626 857 3683 arca,
879 3626 971 3691 prope
991 3604 1113 3689 glareas,
1138 3601 1220 3669 tella·

204 3694 309 3769 tuenti,
331 3695 363 3756 in
385 3693 487 3763 medlo
512 3692 651 3773 Iordanis
670 3694 782 3774 canali)
811 3696 870 3757 iter
921 3718 925 3727 ·
1258 3776 1260 3781 Ι
1332 3776 1335 3782 Ι

205 3785 358 3865 ignotum,
388 3798 470 3845 trane
491 3780 650 3845 Thamesrs
673 3777 791 3843 nobilis:
815 3780 870 3846 flu.
1037 3782 1128 3845 Error
1143 3780 1258 3845 Gilda.-

205 3872 334 3941 alreum,
355 3889 426 3934 cunt
449 3867 532 3933 mille
545 3870 625 3945 viria,
648 3865 725 3933 liceo
744 3870 877 3954 ingredi·
949 3870 1390 3953 TamesrscotrnpteproMuto

121 4011 122 4017 ,
205 3978 258 4020 ena
270 3956 357 4041 pede,
374 3952 529 4042 (suspensas
542 3958 780 4041 utrinqnemore
795 3977 871 4039 prae·
915 3958 970 4022 liu.
1003 3960 1058 4041 qni
1084 3958 1287 4025 Verulamium
1310 3979 1389 4049 pre·

206 4060 370 4129 ruptorum
388 4044 558 4115 fluuialibus
576 4047 730 4115 montium
745 4046 872 4129 gurgiti·
916 4044 1084 4109 tetlabitur.
1286 4068 1291 4079 ·

205 4132 277 4217 bur)
307 4133 444 4217 aperiret,
479 4133 510 4197 dt
535 4134 668 4217 priorem
690 4132 871 4208 carnificem,
961 4131 1101 4197 Carnifex
1111 4131 1206 4209 fidem
1215 4133 1390 4227 Christinge

205 4235 290 4285 tauta
311 4220 449 4306 prodigia
472 4221 631 4297 videntem,
653 4222 684 4284 in
705 4223 818 4303 agnum
834 4240 873 4285 ex
917 4218 1021 4285 noscit.
1122 4230 1125 4235 '
1422 4250 1424 4255 ·

206 4306 281 4393 lupo
302 4323 445 4387 mutaret,
467 4310 497 4374 δι
518 4328 579 4393 aaa
592 4306 693 4373 secum
706 4307 872 4392 triumpha·

207 4395 270 4460 lem
289 4412 402 4479 martyr
418 4398 550 4481 palmam
563 4394 641 4462 fitire
653 4396 869 4474 vehementius,
892 4397 1026 4485 excipere
1040 4394 1159 4473 fortius,
1182 4395 1226 4459 fr·

208 4500 296 4553 cctet.
343 4487 383 4551 Et
396 4507 425 4555 c.
754 4483 757 4487 ’
837 4486 840 4490 ’

566 4614 581 4650 a
597 4598 643 4664 Sic,
655 4597 871 4669 gerrrrarascriar·
886 4635 891 4643 ι

813 4677 818 4688 ·
1145 4666 1227 4733 Nam
