3392 5300
294 444 661 531 ANTIQUARH.
695 443 1136 520 COLLEOTANEA.
1311 466 1375 535 299

304 578 443 645 Rebellio
458 576 624 652 Edelwoldi
637 571 773 640 adversus
788 573 986 641 Eduuardum
1001 597 1115 663 regem,

589 663 713 729 fratrem
731 661 829 726 suum.
941 724 942 727 ,
1083 709 1086 713 ,

405 765 407 778 '
491 765 495 786 ‘
554 770 610 821 alias
621 771 797 821 Ethelwardus.
962 771 1205 823 sssaustimonialem.

235 841 424 908 Edeluoldus
437 862 520 917 uero,
534 837 626 903 frater
636 838 826 920 suusjunior,
842 839 955 921 accepit
970 860 1108 915 uxorem,
1125 843 1155 903 8r
1167 839 1221 903 sai·

186 929 267 995 savit
281 932 497 1005 winburnam,
521 928 582 992 stne
607 928 761 992 voluntate
781 942 842 990 tam
861 930 938 1011 regis
962 946 1055 1011 quam
1072 928 1219 991 nobilium
1291 941 1293 946 ’

185 1022 287 1105 regni.
331 1024 525 1105 Qaptopter
538 1018 592 1079 ivit
614 1036 668 1080 rex
690 1014 849 1079 Eduardus
869 1035 939 1077 cum
953 1016 1085 1079 exercitu
1106 1013 1161 1079 suo
1180 1017 1218 1079 ad

185 1110 309 1171 Bathan
326 1110 417 1188 juxta
432 1106 644 1168 Winburnam.
688 1103 898 1166 Edeluuoldus
913 1120 1014 1166 autem
1036 1122 1107 1167 cum
1122 1104 1218 1167 homi·
1230 1102 1330 1159 Mun·

185 1197 279 1258 nibus
303 1192 362 1259 suis
381 1198 412 1258 in
426 1194 596 1255 Winburna
621 1211 806 1275 permanens,
824 1192 927 1274 januis
949 1190 1063 1266 clausis,
1086 1190 1217 1269 dicebat,

185 1286 262 1367 quia
276 1283 389 1349 ibidem
410 1279 584 1366 perfisteret,
607 1295 660 1343 aut
673 1280 874 1345 occumberet.
919 1278 1017 1343 Nolle
1038 1296 1135 1343 tamen
1149 1279 1219 1343 inde

482 1391 504 1437 S.
518 1389 649 1435 Dacorum.
1039 1398 1045 1411 ‘

184 1457 340 1533 recedens,
362 1455 416 1520 ivit
431 1454 470 1517 ad
484 1455 659 1529 exercitum,
680 1455 738 1537 qui⁸
751 1467 814 1517 erat
828 1454 859 1515 in
873 1450 1092 1517 Northumbre.

232 1545 419 1609 Ednnardus
433 1564 485 1607 rex
508 1563 588 1605 anno
602 1542 713 1626 quinto
736 1542 820 1625 regni
845 1537 889 1602 sui
908 1538 1061 1603 constituit
1084 1540 1216 1605 inducias

183 1654 258 1697 cum
273 1631 419 1716 Ellanglis
441 1634 471 1693 8<
485 1630 702 1694 Northumbris
717 1630 798 1713 apud
815 1626 1005 1713 Itingesford.

229 1722 414 1786 Eduuardus
425 1739 506 1782 anno
518 1740 600 1782 nono
609 1719 692 1801 regni
707 1716 750 1781 sui
760 1714 924 1780 construxit
939 1712 1143 1779 Hertfordiam
1153 1711 1214 1779 cas·

184 1823 269 1874 trum
279 1831 340 1873 uon
352 1797 541 1882 immensum,
557 1803 607 1869 sed
616 1807 861 1889 pulcherrimum,
874 1804 951 1867 inter
958 1802 1145 1880 Beneficiam,
1155 1805 1215 1867 Mi·

183 1918 313 1975 meram,
337 1900 367 1960 8r
382 1898 468 1973 Luie‚
482 1895 608 1958 flumina
622 1915 681 1957 non
698 1891 861 1978 profunda,
884 1890 934 1955 led
948 1890 1113 1954 clariffirna.
1151 1895 1344 1955 Eo·1.uieflu=

184 2057 258 2119 dem
275 2077 355 2122 anno
374 2059 542 2126 construxit
561 2066 698 2148 Burgum
712 2064 863 2148 quendam
877 1998 907 2128 di
921 2042 1057 2130 Witham
1070 2067 1102 2129 io
1115 2064 1213 2133 Ellex.

183 2149 226 2209 Et
240 2147 355 2210 interea
369 2151 507 2215 manebat
522 2152 602 2235 apud
616 2152 753 2219 Maldon.

230 2234 369 2299 Eduardi
389 2240 466 2320 regis
480 2260 559 2303 anno
573 2240 733 2303 undecimo
750 2241 831 2304 venit
843 2260 925 2324 mag:
945 2240 1054 2305 navalis
1069 2243 1215 2306 exercitus

184 2322 225 2386 ab
238 2321 340 2387 austro
353 2346 393 2398 ex
406 2325 587 2391 Lidwicum.
1226 2332 1344 2399 Lidwite.

441 2418 532 2479 Anno
547 2415 708 2479 undecimo
722 2414 858 2479 Eduardi
872 2418 959 2499 regis,
1237 2434 1294 2501 Pag.
1307 2450 1365 2497 ata·

228 2500 300 2563 Rex
318 2516 419 2570 autem
432 2498 505 2567 fecit
520 2503 663 2569 custodiri
677 2503 780 2570 littora
795 2504 927 2568 Sabrinae
949 2524 990 2568 ex
1004 2500 1122 2569 australi
1135 2517 1217 2589 parte

183 2588 203 2659 i
216 2588 340 2654 Uuallia
353 2588 445 2676 nsque
458 2592 496 2656 ad
510 2596 654 2657 Avenam.

235 2709 262 2753 S.
274 2707 344 2757 Daci.

184 2771 301 2923 Wlpsd
312 2789 413 2838 tamen
425 2772 472 2838 bis
485 2770 589 2840 furtim
603 2775 753 2854 exierunt,
775 2795 836 2841 uua
848 2779 914 2842 rice
929 2794 968 2844 ex
981 2776 1117 2841 orientali
1131 2792 1217 2862 parte

226 2881 280 2924 ece
305 2909 313 2927 .
1111 2877 1114 2885 '

226 2947 301 3013 Alia
313 2951 377 3015 vice
391 2950 471 3034 apud
489 2950 653 3017 Pordacan.

227 3041 271 3102 Et
288 3053 417 3122 utraque
442 3037 507 3102 vice
533 3042 620 3121 pauci
645 3037 811 3114 eraserunt,
833 3040 889 3123 qui
911 3035 998 3106 occili
1025 3057 1085 3104 non
1110 3041 1212 3121 ellent,

183 3141 294 3210 praeter
307 3127 382 3201 illos,
406 3129 462 3211 qui
486 3141 621 3209 poterant
637 3149 708 3192 nare
725 3128 765 3191 ad
778 3148 856 3211 pup-
989 3129 1171 3211 Stepeholm,

127 3265 128 3272 ,
185 3235 251 3296 pes,
273 3213 390 3278 &tuuc
404 3211 574 3278 manserunt
587 3217 620 3278 in
634 3213 729 3279 insula
745 3220 856 3298 Stepen
988 3217 1194 3300 Praeruptarin
1217 3221 1273 3288 ins:

186 3322 257 3366 cum
276 3322 386 3388 magna
400 3300 524 3381 miseria,
546 3304 587 3366 ita
599 3304 684 3388 quod
706 3304 793 3368 cibus
815 3305 857 3366 eis
988 3305 1149 3370 Sabrinaici
1164 3312 1263 3377 maris.

188 3480 306 3559 defecit,
330 3483 361 3545 a:
382 3479 474 3545 multi
487 3476 568 3542 fame
589 3480 703 3543 mortni
722 3477 800 3556 sunt,
823 3481 894 3563 quia
908 3479 1009 3554 cibum
1032 3431 1214 3566 conqudrere

187 3571 363 3655 nequibant.
410 3573 503 3632 Tunc
523 3569 699 3632 recellerunt
713 3567 768 3654 ipss
781 3570 813 3631 in
829 3569 1026 3645 Diomedum‚
1050 3572 1080 3631 sc
1098 3569 1167 3633 inde
1181 3573 1213 3633 iu

185 3661 373 3726 Hiberniam.

230 3747 406 3828 Eodemque
422 3763 503 3810 anno
522 3763 577 3805 rex
591 3743 772 3807 Eduuardus
795 3744 850 3807 ivit
868 3765 937 3810 cum
951 3745 1084 3809 exercitu
1106 3741 1159 3808 suo
1173 3745 1212 3808 ad

189 3834 406 3919 Bukingeham,
425 3832 479 3914 nbi
495 3829 601 3895 mansit
611 3849 742 3914 quatuor
755 3831 940 3905 ebdomadis,
958 3831 1088 3919 fecitque
1099 3834 1211 3900 vallum

186 3944 224 3986 ex
236 3939 367 4006 utraque
381 3936 464 4005 parte
478 3935 574 4002 aquae,
597 3935 754 4002 antequam
774 3920 842 3983 inde
858 3915 1014 3985 recedelet.
1149 3923 1152 3930 ’

522 4011 613 4070 Anno
631 4008 702 4072 12⁰.
719 4008 872 4073 Edwardi.
946 4063 948 4072 .

228 4097 326 4162 Fuiise
349 4096 490 4181 proelium
504 4093 586 4178 apud
608 4098 702 4161 Holm
721 4097 799 4159 inter
813 4093 973 4162 Kentenses
994 4097 1140 4162 &Dacos
1161 4117 1209 4161 ve·

186 4201 284 4250 terum
298 4184 448 4270 scripturae
462 4185 578 4246 dicunt.

470 4271 598 4336 Decimo
613 4276 665 4351 4⁰.
682 4283 760 4336 anno
774 4271 925 4335 Eduardi

229 4359 413 4448 legecestria
426 4375 567 4424 renovata
582 4359 635 4424 est.

579 4467 592 4511 t
600 4453 652 4532 5⁰.
666 4467 745 4512 anno
759 4447 818 4511 Ed.

230 4540 350 4624 Corpus
363 4538 396 4604 S.
406 4533 551 4602 Oluualdi
565 4535 583 4602 i
595 4536 740 4608 Bardenei
756 4536 928 4604 transsatum
942 4534 998 4602 eli.

679 4626 784 4712 Ppa
