3392 5300
233 567 236 574 1
297 465 652 572 aaarobaart
698 465 1122 546 cottacrnunn.
1298 457 1365 581 asi
1406 538 1410 545 .

131 649 132 662 κ
232 595 527 674 i’oilm0dum'vero
550 606 743 672 aNothclmo
762 605 980 691 archiepiscopo
993 608 1092 674 faetus
1110 608 1153 677 est
1176 603 1220 678 ibi

184 693 344 784 'episcopus
360 695 516 774 Edbricht,
541 698 589 758 cui
610 693 739 760 successit
756 697 832 761 Ella.

319 801 381 852 alius
392 795 439 866 nat
451 801 466 850 a
477 801 597 868 stigando,
615 799 790 864 irchiepiscopo
800 803 872 850 Canta
1332 795 1376 864 ᾗ,

230 871 290 934 Hit:
306 871 478 954 stigandus,
502 867 685 931 iGulielmo
705 885 774 952 rege
793 869 835 931 ibi
850 867 946 930 fatuis
962 865 1124 953 episcopus,
1147 891 1215 942 mue
1240 869 1243 872 ’
1370 879 1375 888 ’

185 959 263 1021 tavit
278 955 377 1021 sedem
390 959 420 1020 in
437 955 607 1031 Cicellram,
632 955 762 1019 diaecesis
777 952 835 1018 suae
848 959 996 1019 civitatem
1012 967 1105 1042 prope
1123 972 1213 1036 mare,

183 1043 240 1107 ubi
266 1044 434 1132 antiquitus
461 1049 492 1108 S.
516 1046 596 1108 Petri
618 1041 825 1109 monasterium
849 1046 879 1105 dt
901 1050 1096 1129 congregatio
1117 1045 1215 1110 fuerat

184 1129 464 1195 sanc‘iimonialium.
1070 1173 1078 1184 ·

233 1222 375 1304 Denique
397 1219 545 1283 ecclesiam
572 1217 662 1294 suam,
686 1239 776 1302 quam
792 1217 809 1280 ai
824 1233 902 1282 noto
922 1217 1042 1295 fecerat,
1065 1206 1134 1284 ium
1149 1218 1362 1297 for-manain

184 1309 282 1372 tuitus
296 1309 373 1392 ignis
398 1315 445 1388 (ut
465 1307 541 1390 dixi)
565 1307 813 1391 pessumdedisset,
833 1308 1009 1370 liberalitate
1029 1308 1208 1391 potissimum
1218 1298 1346 1382 episcopus
1364 1371 1369 1378 ,

183 1395 263 1479 'regis
280 1396 360 1458 brevi
378 1393 490 1460 refecit.
1046 1419 1049 1424 ·
1216 1365 1355 1478 ssffiffi

225 1487 263 1546 ln
277 1485 341 1564 ejus
355 1483 473 1546 dioecesr
488 1481 554 1546 sunt
569 1483 630 1546 duo
641 1482 787 1548 duntaxat
802 1479 964 1552 coenobia&
980 1503 1060 1545 novo
1073 1480 1162 1548 sardia.
1216 1493 1344 1547 salibam

227 1575 260 1633 S.
272 1573 396 1634 Martini
411 1573 448 1634 de
463 1572 551 1646 bello,
576 1571 657 1654 quod
679 1591 732 1634 rex
746 1572 914 1656 Gulielm'us
929 1569 1076 1649 fundarit,
1095 1575 1125 1635 dr
1138 1593 1208 1657 pro·

181 1661 265 1724 texit
280 1661 311 1722 in
325 1659 400 1734 loco,
424 1660 478 1722 ubi
494 1659 631 1742 Angliam
647 1659 854 1725 debellaverat.
1163 1719 1169 1728 ,

226 1747 259 1810 S.
276 1749 423 1810 Pancratii
446 1749 484 1809 de
499 1751 615 1821 Lewes,
639 1747 732 1831 quod,
750 1762 855 1810 autore
869 1745 1021 1810 Gulielmo
1039 1749 1148 1810 comite
1169 1748 1208 1816 de

181 1837 341 1912 Warenna,
366 1837 468 1898 Lanzo
482 1836 607 1919 quidam
623 1833 822 1898 Cluniaceulis
837 1836 1004 1898 monachus
1018 1836 1050 1898 in
1069 1833 1207 1919 supremo

180 1922 334 2006 religionis
349 1927 502 1986 cacumine
520 1923 637 1985 locavit.

129 2089 130 2094 κ
223 2057 228 2068 ’
278 2053 328 2112 Ex
337 2049 452 2134 prologo
466 2050 533 2112 libri
548 2041 586 2130 3⁵.
602 2046 636 2110 de
645 2049 732 2133 gestit
747 2047 916 2132 panificum
931 2046 1102 2132 Anglorurtt.

221 2147 276 2224 'En
297 2161 466 2224 Eboracum
491 2161 562 2223 urbs
586 2161 682 2244 ampla
702 2164 733 2224 8ι
755 2161 939 2242 metropolis,
962 2162 1115 2248 elegantiae
1140 2155 1203 2225 Ro·

180 2264 274 2312 manae
289 2249 446 2332 praeferens
464 2265 477 2295 a
492 2249 640 2324 inditium,
664 2247 681 2308 ri
696 2250 812 2311 duabus
828 2250 963 2332 partibus
979 2245 1068 2310 Husae
1084 2247 1138 2337 liu:
1162 2271 1204 2312 ae²

181 2335 550 2414 dificata,lrnc1udi'tin''
572 2336 669 2398 medio
689 2337 752 2398 srnu
773 2335 814 2398 lui
838 2349 935 2411 naves,
959 2333 1151 2398 riGermania
1172 2336 1204 2399 ds

179 2427 323 2488 Hibernia
358 2424 530 2488 venientes=
565 2422 660 2486 furori
693 2423 910 2507 aquilonalium
942 2424 1078 2506 gentium
1108 2425 1204 2505 prima

179 2509 293 2596 semper
308 2513 449 2587 obnoxia,
473 2512 641 2574 baibaricos
670 2513 825 2574 Danotum
846 2527 946 2573 motus
970 2525 1034 2572 toto
1056 2507 1203 2593 tempore,
1245 2519 1249 2524 ’

180 2609 242 2685 'qun
256 2599 399 2679 dominati
413 2597 480 2663 sunt
495 2614 506 2646 ⁶
522 2599 620 2683 Angli,
637 2600 764 2683 excepit,
780 2601 809 2663 8(
824 2599 982 2684 ingemuit.
1009 2600 1205 2685 Qapropter

180 2688 282 2751 multis
297 2690 394 2753 ruinis
414 2690 555 2773 quassata,
579 2689 680 2750 ultima
696 2687 774 2771 peste
797 2686 850 2751 sub
865 2687 1019 2751 Gulielmo
1041 2701 1110 2770 rege
1133 2706 1203 2749 con·
1274 2716 1280 2734 ι

180 2776 274 2853 'cidit3
297 2778 352 2860 qui
367 2778 486 2841 urbanis
503 2778 603 2851 iratus,
627 2780 710 2859 quod
723 2777 815 2840 Danis
829 2776 1056 2840 adventantibus
1071 2762 1214 2857 receptui

183 2866 212 2926 a
238 2862 387 2949 consultui
412 2863 539 2939 fuissent,
572 2865 653 2947 prius
678 2864 786 2939 inedia,
817 2884 890 2928 mox
910 2864 1030 2925 flamma
1054 2861 1203 2925 civitatem

181 2952 319 3017 coniecit.
364 2954 509 3037 Regionis
532 2954 619 3014 etiam
641 2954 732 3015 totius
756 2951 836 3015 vicos
868 2954 898 3013 8r
924 2972 1012 3035 agros
1040 2951 1202 3031 corrumpi,

181 3038 298 3105 studius
315 3040 461 3125 &fruges
474 3040 542 3124 igne
556 3039 603 3102 vel
616 3060 693 3123 aqua
708 3040 879 3103 labeiaiia'ri
889 3040 980 3119 jnffit.
1024 3042 1069 3098 lta
1084 3038 1202 3119 provin*
1257 3098 1260 3102 Δ

180 3127 241 3206 cia,
264 3123 419 3213 quondam
435 3127 548 3203 fertilis,
571 3131 654 3189 nervi
670 3128 780 3210 praeda,
804 3128 952 3201 incendio,
976 3122 1116 3207 sanguine
1137 3121 1201 3186 suc·

182 3216 241 3281 cifi.
266 3246 269 3253 ·
287 3220 406 3279 Humus
422 3237 473 3299 per
489 3215 504 3263 d
512 3216 706 3299 quadraginta
722 3216 750 3276 dt
765 3236 801 3277 eo
817 3213 942 3297 amplius
957 3212 1090 3275 milliaria
1104 3210 1202 3274 omni·

180 3300 283 3367 sariam
294 3305 420 3379 inculta,
444 3302 558 3365 nudum
573 3304 708 3369 omnium
723 3300 820 3365 solum
834 3305 871 3364 ad
887 3302 942 3363 hoc
960 3299 1054 3382 usqne
1069 3313 1197 3382 tempus.

180 3393 286 3467 Urbes,
309 3394 381 3455 olim
397 3393 557 3477 praeclaras,
582 3406 688 3467 turres,
713 3394 887 3472 proceritate
902 3386 952 3450 sua
974 3389 1003 3450 in
1018 3385 1199 3450 coelum'mi·
1273 3456 1275 3460 ,

180 3494 292 3556 nantes,
314 3498 412 3563 agros,
435 3480 518 3541 l'aetos
542 3476 663 3561 pascuis,
687 3478 813 3561 irriguos
838 3475 946 3551 fluviis,
969 3476 991 3537 si
1018 3476 1085 3556 quis
1107 3473 1199 3536 modo
1308 3539 1311 3548 ,

180 3568 257 3629 videt
269 3569 450 3651 peregrinus,
474 3569 615 3649 ingemit;
641 3566 758 3628 fivetus
772 3565 877 3640 Incola,
900 3584 959 3625 non
973 3558 1114 3647 agnoseit.
1161 3567 1199 3625 Itt

182 3654 331 3738 aliquibus
347 3672 443 3717 tamen
460 3655 606 3737 parietum
624 3656 724 3729 rulnis,
748 3655 801 3736 qui
816 3651 944 3715 semiruti
960 3647 1129 3723 remansere,
1151 3649 1214 3713 vir

181 3740 245 3805 deas
259 3742 336 3805 mita
352 3738 560 3805 Rornanorum
576 3743 708 3807 artificia.
744 3746 788 3803 Ut
801 3742 841 3803 est
857 3746 886 3802 in
900 3738 1069 3822 Lugubalia
1080 3740 1333 3837 civitate[c,;,1,g]

181 3830 349 3905 triclinium,
372 3830 493 3913 lapideis
506 3828 669 3899 fornicibus
681 3846 926 3903 concameratum,
949 3826 1032 3908 quod
1044 3826 1126 3892 nulla
1140 3847 1197 3888 un·

180 3938 268 3999 quam
294 3919 499 4001 tempestatum
523 3919 708 3992 contumelia,
731 3918 803 4001 quin
827 3920 915 3979 etiam
931 3936 985 3976 nec
999 3912 1139 3998 appofitis
1161 3912 1197 3976 li·

179 4006 241 4086 gnis
257 4008 287 4068 a
298 4003 440 4069 succensis
454 4006 546 4068 valuit
564 4003 742 4067 labeiadlari.
789 3999 992 4067 Cambrelaird
1011 4014 1133 4063 vocatur
1149 4021 1194 4064 re·

181 4094 239 4171 gio,
262 4096 293 4156 dt
317 4095 440 4157 Cumbri
465 4107 609 4155 vocantur
635 4094 776 4167 homines,
810 4090 1010 4174 scripturaque
1031 4087 1141 4171 legitur
1165 4089 1196 4151 in

133 4252 138 4262 .
180 4176 275 4245 stonte
294 4182 423 4257 triclinii,
448 4186 561 4243 Mnart
577 4183 777 4244 Vtcrortrra.
823 4179 916 4263 Qod
931 4178 1007 4259 quid
1022 4176 1057 4237 srt
1080 4175 1192 4253 haefito,
1209 4198 1266 4265 Ρη,
1278 4199 1339 4261 aui

181 4266 230 4330 nisi
254 4268 332 4333 forre
347 4286 413 4353 pars
430 4256 632 4331 Cimbrorum
648 4268 719 4331 olim
739 4268 785 4331 his
799 4267 871 4331 locis
885 4263 1031 4338 insederit,
1053 4282 1124 4326 cunt
1145 4262 1195 4327 su·

180 4352 258 4420 issent
272 4356 290 4419 it
303 4360 403 4421 Mario
416 4356 500 4419 Italia
515 4357 601 4443 pulsi.
1021 4373 1024 4379 ·

208 4518 221 4548 a
239 4503 282 4551 Sic·⁸
315 4500 327 4551 b
345 4501 438 4551 EMS.
450 4500 529 4551 Sellera
543 4500 718 4567 &adorata
738 4504 799 4549 csta
812 4498 838 4552 dt
852 4500 910 4548 MS.
924 4496 1004 4549 Sella.
1025 4464 1195 4551 Malimtamea

181 4566 270 4632 Angliae
282 4584 308 4617 ex
318 4568 363 4617 Ed.
375 4568 434 4617 Sao.
467 4567 481 4617 d
496 4570 532 4619 Sir
543 4568 608 4619 eliam
620 4566 705 4619 exhibet
716 4566 766 4617 Crd.
779 4567 859 4617 Seller.
888 4567 921 4619 At
931 4574 970 4641 op.
981 4566 1003 4615 ia
1013 4564 1130 4619 eatae.

215 4670 371 4737 ‘ronta
732 4666 798 4727 aa
881 4763 887 4771 α
1139 4665 1192 4743 nr,
1286 4681 1288 4686 ,
