3392 5300
288 466 1125 564 'Antroutatteotaacrnnun
1301 486 1364 559 ηρ

645 612 760 679 Ibtdenu

236 718 362 789 Remifit
375 740 448 811 ergo
462 727 627 789 exercitum
638 746 731 811 quem
745 719 947 811 congregavit,
970 707 1007 787 ac
1017 722 1148 807 singulos
1159 713 1216 787 'do-

193 824 276 877 rtrum
291 814 387 877 redire
412 812 583 897 praecepitd
603 816 671 876 loco
685 816 739 897 qui
754 830 878 876 vocatur
900 810 1127 886 wilfaresdune,
1150 814 1171 876 ir
1186 833 1214 875 e·

192 922 279 964 mons
292 902 420 975 Wilfari,
445 903 474 963 ἃ
488 900 529 963 est
544 898 570 963 a,
583 902 648 965 vlco
662 900 858 965 Cataradlone
871 902 974 963 decem
986 897 1079 963 setme
1093 899 1216 965 milibus

192 988 329 1073 passuum
341 1006 446 1053 contra
461 987 639 1053 solstitialem
654 986 792 1053 occasum
806 985 944 1053 secretus·

586 1108 821 1195 Exmp0.15⁰.
1068 1174 1074 1181 .

233 1218 314 1280 Nam
335 1232 468 1301 tempore
481 1210 666 1301 episcopatus
689 1218 754 1299 ejus
770 1211 883 1280 hostilia
896 1216 1082 1282 Metclotntn
1102 1210 1216 1281 exerci-

191 1318 249 1379 tus,
273 1306 375 1369 Penda
398 1307 484 1380 duce',
507 1306 842 1369 Nortdanltumbrorum
865 1308 1000 1387 regiones
1022 1307 1112 1387 impia
1130 1307 1215 1369 clade

189 1391 278 1477 longe
303 1394 421 1476 lateque
444 1392 604 1467 devastant,
634 1394 768 1475 pervenit
792 1394 830 1455 ad
852 1394 957 1456 urbem
977 1388 1070 1476 usque
1089 1396 1213 1479 regiam,
1362 1463 1371 1474 Ι

188 1500 258 1564 quae
281 1500 320 1544 ert
348 1481 462 1545 Bebbae
486 1479 642 1562 quondam
662 1483 770 1563 reginae
797 1478 945 1543 vocabulo
974 1483 1212 1567 cognominatur,
1276 1524 1292 1541 .

170 1586 326 1651 eamque,
351 1561 474 1651 a‘quarn
499 1587 596 1653 neque
615 1569 714 1643 armis,
738 1588 836 1651 neque
858 1564 1013 1631 obfidione
1032 1588 1136 1652 capere
1158 1591 1212 1652 po·

189 1669 275 1732 terat,
309 1656 435 1719 flammis
459 1652 611 1719 absumere
637 1671 759 1720 conatus
786 1654 838 1721 est.
884 1653 1075 1740 Descifftsque
1097 1658 1212 1735 viculis,

186 1762 268 1828 qnos
291 1744 441 1807 invicinia
464 1744 547 1807 urbis
561 1745 682 1818 invenit,
706 1743 826 1806 advexit
851 1743 904 1807 illo.
925 1744 1083 1825 plurimam
1102 1745 1214 1829 conge·¹

186 1830 265 1896 rietn
279 1832 421 1907 trabium,
438 1830 778 1915 tignorum-parietum,
796 1833 976 1915 virgeorum,
993 1833 1023 1895 δι
1039 1832 1108 1894 tedii
1124 1832 1212 1911 senei,
1320 1881 1322 1885 ,

186 1922 218 1982 dt
232 1920 279 1981 his
294 1920 399 1983 urbem
418 1922 449 1982 in
463 1936 571 2003 magna
591 1920 760 1983 altitudine
771 1920 967 1982 circumdedit
987 1918 1103 2002 ltparte
1120 1918 1132 1969 l
1151 1942 1213 2005 qua

186 2020 272 2070 terrae
295 2006 338 2070 est
359 2006 521 2091 contiguae
550 2008 581 2069 ἃ
605 2006 683 2069 dum
707 2022 827 2070 ventum
853 2022 1042 2090 oportunum
1064 2026 1210 2085 cerneret,

157 2127 163 2141 r
187 2094 282 2157 inlato
296 2097 365 2177 igne
379 2096 488 2159 urbem
502 2095 677 2157 comburere
690 2091 809 2158 ‘visum
822 2088 875 2160 est.
920 2098 993 2180 Qto
1016 2110 1151 2179 tempore
1165 2119 1212 2161 re·

185 2182 335 2245 verentili:
355 2180 371 2227 t
379 2181 504 2247 antester
519 2181 617 2245 Aldan
632 2182 662 2244 in
676 2178 772 2245 insltla
782 2185 886 2259 Fatue,
901 2201 970 2267 quae
985 2184 1105 2258 duobus
1119 2183 1213 2249 ferme

186 2268 309 2333 milibus
325 2270 461 2354 pulsuum
471 2271 510 2335 ab
525 2271 599 2334 urbe
614 2270 720 2353 procul
735 2268 823 2346 abest,
839 2273 1022 2333 morabatur.
1060 2272 1118 2335 Illo
1131 2274 1211 2337 enim

186 2356 305 2441 saepiua,
328 2350 444 2423 sectetae
461 2359 609 2421 ,orationis
631 2356 661 2419 a
686 2354 791 2421 silentii
810 2353 907 2434 causa,
936 2354 1069 2421 secedere
1090 2356 1212 2425 consue·

186 2462 278 2510 vetat.
325 2446 464 2529 Denique
488 2443 581 2529 usque
604 2443 695 2508 hodie
709 2446 809 2510 locum
830 2445 903 2510 sedis
924 2448 1007 2511 illius·
1024 2443 1159 2511 solitariae
1180 2447 1211 2514 iti

185 2534 290 2601 eadem
315 2530 406 2599 insula
431 2530 525 2597 solent
548 2532 711 2615 ostendere.
756 2533 820 2620 Qi
840 2554 913 2599 cum
933 2536 1028 2598 ventis
1047 2533 1211 2601 serentibus

185 2705 294 2794 globos
318 2707 405 2792 ignis,
428 2727 462 2771 ac
484 2705 606 2774 sumum
620 2702 707 2793 supra
726 2724 827 2772 muros
852 2706 935 2770 urbis
956 2653 1210 2792 exaltariconspi·

185 2812 275 2873 ceter,
291 2791 398 2868 fertur.
422 2797 460 2861 ad
475 2800 589 2862 coelurn
607 2799 725 2861 elevatis
743 2797 837 2860 oculis
852 2793 1058 2879 manibusque,
1081 2817 1149 2859 cum
1167 2797 1208 2860 la!

185 2883 309 2948 chtimia
323 2882 426 2948 dixisse
441 2909 449 2947 ε
475 2893 496 2920 “
511 2885 599 2961 Vide,
614 2887 753 2958 domine,
772 2899 884 2969 quanta
898 2884 975 2947 mala
989 2883 1062 2948 facit
1075 2885 1209 2948 Penda.”

187 2975 258 3060 an
273 2971 368 3050 dieto,
390 2965 488 3036 statim
503 2975 613 3037 mutati
632 2974 670 3037 ab
684 2975 759 3036 urbe
773 2974 855 3036 venti
872 2973 903 3034 in
916 2992 978 3047 eos,
1002 2975 1054 3054 qui
1068 2972 1208 3035 accende·

185 3077 260 3134 rant,
284 3059 474 3124 flammarum
496 3061 632 3124 incen'dia
655 3057 841 3124 retorserunt.
888 3063 934 3121 Ita
954 3075 989 3122 ut
1007 3061 1123 3144 aliquot
1137 3059 1207 3137 lacst,

130 3229 131 3236 ἵ
185 3167 287 3214 ornnes
304 3148 399 3212 territi
414 3151 590 3235 impugnare
606 3150 684 3214 ultra
697 3150 804 3212 urbem
817 3146 967 3212 cessarent.

532 3274 582 3335 Ex
597 3272 674 3354 cap0.
690 3270 792 3334 decimu
808 3263 861 3346 7⁰·
1220 3275 1367 3347 Pag.133...

223 3371 303 3435 Mox
315 3388 360 3446 ea,
375 3386 444 3453 quae
455 3367 486 3434 ia
496 3369 601 3434 Galliis
616 3373 692 3434 bene
705 3366 843 3451 dispofita
855 3363 940 3442 vidit,
956 3362 1063 3432 imitari
1074 3369 1206 3452 cupiens,
1216 3344 1339 3462 {ffeffi
1383 3400 1387 3413 ,

186 3453 311 3524 instituit
334 3457 467 3522 scholam
488 3460 518 3521 in
541 3479 602 3542 qua
628 3455 713 3542 pueri
735 3456 840 3518 litteris
861 3456 1059 3530 erudirentur,
1080 3459 1207 3538 juvante
1218 3457 1324 3526 instituta
1334 3497 1360 3527 a·

185 3542 209 3608 se
228 3544 371 3630 episoo'po
392 3545 497 3620 Felice,
529 3563 622 3629 quem
648 3547 685 3608 de
708 3543 814 3607 Cantia
834 3561 996 3624 acceperat,
1023 3541 1122 3626 eisque
1144 3544 1363 3626 pae.puunrten-

185 3635 327 3720 dagogoa,
359 3654 394 3698 ac
418 3631 582 3719 magistros,
607 3636 696 3716 juxta
717 3653 833 3696 motem
856 3633 1098 3708 Cantuariorum,
1125 3608 1335 3723 pta-tffiiu'

187 3722 278 3788 lente.
1201 3691 1370 3818 'sQfiCffl‘

203 3839 252 3898 Eat
265 3834 346 3916 taff.
366 3838 432 3926 ¹⁸⁰:
449 3833 483 3898 dc
497 3835 660 3916 monasterio
674 3834 772 3916 Fursn‘
788 3836 884 3898 Scotti
897 3829 1091 3916 Hibernierfis
1108 3831 1190 3917 aptati
1211 3811 1300 3942 ffff*
1318 3809 1370 3858 sco·

268 3923 432 3988 orientales
449 3924 555 4008 Argius
561 3923 692 4011 fundato
707 3925 832 4004 tempore
851 3922 1014 4008 Sigeberhti
1026 3923 1117 4007 regis.
1348 3947 1352 3954 ¹

224 4029 297 4090 Erat
316 4043 419 4090 autem
439 4028 660 4104 monasterium,
684 4025 830 4110 sylvarum
854 4029 884 4090 81
904 4028 992 4090 maris
1004 4027 1154 4106 vicinitate
1172 4049 1204 4091 a·

186 4123 327 4189 moenum,
350 4114 554 4180 construtlum
568 4117 599 4178 in
614 4114 708 4179 castro
722 4117 858 4198 quodam
872 4117 957 4199 quod
971 4115 1073 4199 lingua
1087 4115 1203 4202 Anglo·

185 4219 248 4264 rum
264 4202 525 4290 cnobheresburg,
542 4203 563 4269 i.
578 4225 604 4266 e.
622 4205 692 4266 urbs
708 4205 869 4275 Cnobheti,
889 4218 1023 4266 vocatur.
1056 4203 1150 4289 Qod
1165 4205 1300 4276 destinae

186 4285 252 4352 inde
263 4313 315 4356 rex
331 4295 490 4375 provintiae
505 4294 584 4356 illius
596 4296 693 4368 Anna,
716 4309 749 4354 ac
768 4292 1015 4378 nobilesquique
1025 4277 1306 4410 ²⁰8²¹ffi⁰ffdiil¹l

186 4374 241 4438 bus
255 4379 388 4444 aedificiis
403 4400 441 4460 ac¹
452 4380 580 4444 donariis
595 4381 788 4446 adornarunt.

187 4561 202 4594 ο
237 4550 321 4620 utapro
332 4509 402 4620 duum
414 4552 495 4606 delent
505 4555 550 4606 alii.
584 4552 717 4623 tQaeat.
751 4543 932 4607 cNisuresial.
965 4551 1203 4623 di'id.sap.p.134.

290 4671 298 4681 ’
597 4679 600 4688 ’
702 4667 765 4732 Sa
846 4683 851 4698 *
1088 4663 1203 4731 didm.
