3392 5300
295 509 647 603 aurrovaarr
681 477 1121 579 'connacrarvna
1162 601 1168 610 Ι
1287 508 1366 593 ¹397
1403 532 1414 596 ·,

168 639 170 668 ²
199 645 332 712 boream.
378 621 484 732 incipit
498 649 578 710 enim
594 644 613 708 ai
631 649 778 728 Menevia,
801 647 831 710 a
854 645 989 734 procedit
1011 668 1064 730 per
1078 644 1222 731 Herford¹

601 771 609 800 l

199 821 341 906 Wigorn.
359 822 493 897 Wicum,
519 822 739 910 Bernunghnm
762 795 931 897 Liche'feld
957 824 1071 908 Derby,
1091 819 1224 887 Chellae·

198 907 271 985 feld,
295 930 348 992 per
365 909 534 972 Eboracum
549 908 642 990 alque
658 909 694 971 ad
710 909 839 974 hostium
856 912 931 973 Tini
951 911 1004 974 flu:

244 995 287 1060 Ila
310 995 435 1060 nascitur
461 996 478 1059 ὲ
502 997 633 1082 quodam
657 995 803 1062 fonticulo
822 999 913 1080 juxta
938 993 1107 1063 Tetbiria'm
1130 1018 1224 1084 prope
1238 1020 1367 1072 omsffi.
1399 1038 1404 1044 -

201 1078 397 1148 ¹Circellrirm.
1236 1087 1327 1136 disflu:

222 1173 366 1234 'Sabrina
392 1171 492 1234 transit
523 1173 620 1256 primo
644 1167 743 1234 versus
772 1173 917 1238 orientem
941 1169 1034 1258 usque
1064 1171 1221 1259 Salapiam.

200 1259 275 1324 Inde
292 1263 385 1342 vergit
398 1262 434 1322 ad
450 1261 579 1322 austrum
598 1258 689 1344 usque
706 1263 819 1344 BrigeS.

246 1350 434 1410 Cauruariam
451 1341 614 1410 construxit
630 1369 681 1410 rex
699 1347 924 1413 Rudhudibras.

246 1435 362 1521 Salapia
388 1435 556 1498 Britannice
577 1436 732 1498 dicebatur
755 1438 931 1520 Penguerne
954 1432 1094 1498 adamis
1116 1433 1150 1500 in
1173 1433 1225 1498 illo'

200 1522 368 1586 monticulo
383 1521 627 1588 excrescentibus.

246 1610 456 1690 Leyrcellriam
470 1607 634 1674 construxit
655 1630 709 1674 rex
724 1613 802 1694 Leyr
823 1605 911 1694 super
932 1630 1049 1673 amnem
1066 1611 1148 1687 Sore,
1169 1603 1224 1674 ubi
1237 1627 1284 1694 a

198 1693 243 1762 est
259 1697 548 1780 medium'Loegriae.

245 1786 344 1860 Modo
358 1786 466 1850 dicitur
482 1787 646 1870 Edanbnrg
661 1782 677 1848 a
691 1785 827 1870 quodam
840 1806 910 1872 rege
924 1786 1010 1854 Edan
1025 1785 1067 1850 ibi
1081 1801 1224 1871 regnante
1237 1807 1390 1860 marburch.

387 1909 400 1944 C
876 1942 880 1950 .

201 1981 337 2048 tempore
352 1960 480 2036 Edfridi,
501 1951 582 2044 ¹regis
595 1959 883 2024 Northumbrorum.
925 2044 929 2051 ἢ

431 2070 483 2136 sup:
496 2071 625 2118 Ebrancus.
1070 2103 1073 2108 -
1377 2098 1383 2109 ·

248 2137 330 2202 Fecit
345 2139 431 2202 aliam
443 2141 589 2202 civitatem
605 2137 636 2200 in
649 2134 751 2211 borea,
767 2137 887 2200 nomine
899 2135 1023 2211 Alcluit‚
1047 2137 1133 2218 cujus
1147 2139 1224 2215 muri
1237 2147 1327 2198 arelat
1341 2151 1392 2200 unt

196 2225 326 2312 vestigia
339 2242 438 2308 patent
448 2225 556 2299 adbuc,
566 2225 635 2290 licet
645 2225 806 2308 incognita.
821 2223 955 2290 Fundata
964 2241 1027 2287 erat
1036 2221 1122 2308 super
1131 2222 1225 2310 ripam
1240 2260 1286 2323 ᾔ

124 2315 127 2324 “
201 2313 242 2378 de
258 2314 405 2388 sulaha,
425 2316 458 2378 r&
471 2333 550 2378 anno
566 2315 606 2376 D.
626 2315 699 2388 870.
718 2311 734 2373 ai
752 2315 846 2378 Danis
862 2314 986 2375 omnino
1000 2311 1156 2376 destrudla.
1221 2344 1227 2352 ·

247 2404 353 2464 Amnis
369 2402 416 2463 ille
431 2403 502 2464 olim
516 2397 666 2482 separabat
678 2403 814 2464 Britones
829 2400 960 2468 affictis.
1101 2410 1105 2414 ⁴
1236 2409 1349 2459 sulaha·

241 2478 390 2552 'Wilssure
404 2481 478 2550 olim
492 2485 572 2551 dieta
586 2489 701 2550 Severia
717 2505 836 2570 propter
849 2483 949 2574 gentis
968 2483 1120 2552 saevitiam.
1234 2476 1392 2553 Ridiculaia·

247 2575 404 2640 Lancastre
418 2578 549 2640 continet
564 2577 594 2637 in
609 2573 636 2638 se
651 2577 786 2661 quinque
800 2577 933 2639 modIcas
949 2577 1061 2657 Shiras‚
1087 2553 1381 2659 Uuester·{{f„¹1’‚⁶⁸sft⁸⁸}22

199 2664 254 2747 by,
283 2662 486 2740 Salfordiam,'
503 2665 704 2745 Leylandiam,
734 2666 958 2739 Blalcburniam,
988 2665 1018 2728 dc
1042 2666 1225 2730 territorium
1235 2675 1299 2724 veria
1313 2670 1360 2751 im-

120 2830 121 2839 χ
202 2752 394 2829 Lancallriae‚
407 2772 474 2835 quae
485 2750 592 2817 ufitaro
604 2752 715 2831 ibidem
727 2752 876 2816 vocabulo
884 2770 1026 2816 vocantur
1035 2754 1205 2818 Hundredi.
1237 2755 1288 2807 ΡΨ
1300 2740 1370 2789 ω’*

249 2834 366 2905 Eborac
381 2842 451 2906 olim
472 2841 641 2903 continebat
665 2856 758 2903 totam
786 2859 904 2917 terram,
927 2862 996 2925 quae
1018 2840 1060 2903 est
1076 2843 1226 2905 ab‘Hum-

123 2986 129 2993 ,
201 2928 262 2991 bro
278 2928 330 2993 flu:
347 2926 441 3011 usque
453 2928 489 2990 ad
501 2929 627 2993 Tvvede.
662 2931 750 2991 Nunc
766 2942 873 2991 terram
889 2929 927 2991 ab
940 2930 1131 2993 Humbroad
1141 2933 1228 2994 Tinae

201 3016 313 3081 ollium
328 3014 469 3079 continet.
1117 3067 1121 3074 .

199 3108 202 3117 '
249 3102 375 3165 Edvvius
399 3124 451 3167 rex
474 3100 542 3168 fecit
568 3101 775 3167 monnllerium
799 3103 1047 3167 Malmelbirienle
1075 3102 1234 3181 stabulum.

202 3192 394 3257 clericorum.
578 3258 580 3265 ,
974 3206 1004 3270 J

202 3286 205 3297 '
250 3282 340 3343 Anno
355 3282 394 3343 D.
416 3297 510 3355 1214.
536 3299 635 3343 comcs
663 3276 781 3341 Cestriae
804 3279 983 3363 Ranulphus
998 3280 1029 3341 in
1044 3278 1226 3361 parlamento
1239 3275 1392 3361 LuaurtaJo·

203 3366 348 3433 London:
365 3368 525 3449 increpavit
536 3370 677 3445 Joarmem
690 3388 799 3449 regem,
816 3357 900 3449 c'puod
914 3368 1071 3429 violaverat
1088 3384 1132 3431 tot
1147 3367 1223 3431 filias
1236 3362 1306 3425 annia
1316 3363 1378 3428 regie

120 3530 122 3535 ¹
201 3457 356 3547 &uxores
369 3456 557 3519 nobilium&
576 3476 729 3536 procerum
745 3455 827 3539 regni
843 3452 897 3517 sui.
1031 3443 1034 3455 ⁴
1237 3426 1313 3495 ΑΨ

251 3544 338 3605 Circa
358 3562 468 3605 annum
485 3545 524 3607 D.
549 3544 638 3619 1264.
656 3544 798 3605 Henricus
815 3563 844 3623 3.
866 3543 904 3614 de
920 3542 1058 3607 London:
1076 3542 1227 3607 declinans

203 3632 285 3713 cepit
307 3628 435 3693 castrum
459 3630 496 3691 de
518 3628 689 3713 Kingellom
712 3633 880 3715 quoderat
903 3632 1021 3695 comitis
1044 3625 1225 3718 Gloverniae.

201 3718 326 3787 Deinde
343 3719 470 3799 perrexit
486 3716 729 3781 Winchelseiam.'

250 3810 341 3873 Auno
365 3808 406 3869 D.
431 3823 524 3882 1272.
564 3806 760 3870 Theobaldns
789 3805 975 3871 Placentinus
1003 3806 1226 3872 archidiaconns

205 3888 378 3958 a'London.
424 3895 481 3957 Hic
497 3893 661 3957 devotionis
686 3896 780 3957 caulla
800 3916 869 3958 curu
885 3896 1036 3959 Edwardo
1057 3894 1096 3957 acl
1118 3898 1226 3993 Achop

207 3982 351 4051 transrens
368 3983 397 4045 in
413 4001 520 4064 papam
534 3982 665 4063 eligitur,
688 3984 716 4051 dc
739 3980 750 4030 l
772 3986 937 4067 Gregorius
951 4004 970 4045 v
993 4026 1135 4047 .....

252 4068 367 4133 Eodem
391 4089 470 4131 arrno
498 4088 590 4147 1272.
626 4069 839 4133 Monallerium
867 4074 896 4154 in
918 4070 986 4133 villa
1007 4073 1136 4134 Norvvici
1156 4093 1226 4135 con·
1251 4083 1306 4149 vag.
1322 4098 1374 4146 aar·

181 4154 354 4220 'strudium
372 4152 512 4220 maliriole
529 4178 579 4239 per
593 4159 669 4221 cives
684 4158 872 4221 combustum
884 4156 935 4231 ell,
953 4157 1010 4223 &a
1047 4164 1092 4221 Ut
1106 4154 1228 4245 plurimi
1348 4155 1352 4160 ⁵

206 4242 224 4309 ὲ
239 4244 354 4308 civibus
370 4266 423 4327 pro
439 4246 494 4307 hoc
509 4243 612 4325 scelere
627 4244 713 4309 tradii
734 4248 762 4309 8<
778 4244 903 4329 sulpenlr
918 4244 1038 4309 fuerint.

123 4342 129 4349 ’
202 4374 207 4387 ·
252 4337 343 4415 Anno
359 4337 400 4396 D.
428 4336 521 4416 1283.
546 4334 712 4399 Edwardus
731 4354 758 4401 1.
782 4338 878 4412 tenuit
902 4334 1124 4417 parlamentum
1145 4338 1227 4421 apud

209 4420 447 4483 Attonssurnel:

205 4601 238 4661 ..a
251 4587 319 4658 Lege,
333 4583 476 4651 Leodiensrs,
487 4590 498 4636 l
509 4584 600 4637 Platiua
612 4586 638 4639 dr
651 4584 807 4655 Papelrarlria.
839 4584 969 4649 bDrrr'rrrrrs
981 4594 1030 4636 erar
1040 4586 1104 4651 hairu
1115 4588 1214 4663 nomivit

1141 4694 1231 4758 Anno
1315 4747 1317 4754 .
