3392 5300
346 457 390 551 aa
646 422 1317 530 Joxuursnncaunt

469 590 529 655 Per
544 584 628 669 qu'od
643 606 747 669 graves
763 586 872 647 totiens
889 585 974 645 terrls
989 606 1104 661 eorum,
1128 606 1182 650 nec
1198 586 1257 647 fine
1273 586 1406 649 caedibus
1421 587 1495 659 mal·

383 678 393 689 “
471 681 519 750 tis,
543 678 572 737 8(
587 672 768 745 fratricidiis,
790 688 869 733 aceu
885 668 1013 733 fratrum
1027 675 1285 737 exoculationibus
1307 677 1430 751 crebris,
1453 680 1495 737 tis

472 768 550 828 rium
572 782 696 844 quoqne
711 763 846 823 omnium
869 762 898 821 8(
923 757 1104 825 successuum
1121 763 1314 847 experientiis,
1338 784 1400 826 non
1415 763 1496 834 sacile

471 850 613 915 sedabiles
627 868 776 929 emergere
791 845 883 909 solent
900 848 1092 914 turbationes.

422 958 447 1033 p
516 942 592 999 Sunt
608 937 699 1019 igitur
714 939 744 999 in
766 938 888 1017 penuria
903 936 994 1016 parci,
1020 937 1049 997 in
1067 938 1151 1020 copia
1166 934 1314 1019 superflui.

342 1016 399 1102 rig.
411 1042 451 1097 aa.
517 1028 635 1088 Crimen
651 1040 751 1087 autem
772 1020 899 1083 incestus
914 1022 989 1086 adeo
1006 1025 1087 1106 apud
1105 1022 1218 1099 omnes,
1243 1040 1303 1085 tam
1320 1024 1452 1088 minores
1465 1027 1496 1087 in

472 1114 596 1199 popula,
622 1132 712 1193 quam
734 1111 822 1181 etiam
848 1112 984 1188 majores,
1016 1114 1176 1182 enormiter
1198 1112 1333 1184 invaluit,
1358 1114 1444 1194 quod
1469 1115 1498 1175 in

473 1215 521 1278 40.
535 1200 640 1284 gradu,
665 1201 693 1260 8(
709 1198 818 1281 quinto
832 1196 944 1278 passim,
967 1200 997 1260 in
1014 1211 1060 1280 30.
1076 1220 1198 1283 quoque
1215 1198 1393 1281 plerumque
1413 1202 1499 1283 (quia

388 1292 394 1301 “
472 1309 533 1363 non
558 1286 602 1359 est¹
615 1290 700 1348 timor
723 1287 780 1347 Dei
796 1301 865 1345 ante
879 1286 983 1347 oculos
998 1291 1115 1369 eorum)
1138 1282 1367 1374 consanguineas
1391 1288 1499 1351 duecte

473 1397 526 1450 pec
545 1375 783 1437 verecundantur
798 1392 851 1433 nec
865 1391 1014 1445 verentur.

399 1486 450 1556 M
518 1464 567 1525 Ob
593 1460 794 1543 generositatis
815 1461 902 1521 etiam
924 1482 1064 1535 amorem,
1087 1480 1179 1546 quam
1202 1476 1353 1542 tantopere
1371 1463 1500 1545 cupiunt

409 1560 417 1570 ‘'
475 1548 680 1623 &adfes‘tann
697 1546 845 1629 suaegenti
857 1544 1064 1629 sejungentes,
1082 1549 1179 1622 alienis
1189 1552 1340 1624 omuibus,
1354 1565 1500 1635 tanquam

474 1635 614 1721 sanguine
638 1638 667 1697 8(
690 1637 802 1719 origine
817 1633 905 1717 longe
925 1632 1100 1719 disparibus,
1123 1636 1220 1706 modis
1243 1638 1384 1709 omnibus
1405 1660 1499 1722 capu,

474 1726 527 1803 lati
543 1722 686 1787 recusant.
730 1731 731 1734 ’
1108 1781 1110 1784 .

491 1878 495 1887 Κ
516 1813 780 1883 Matrimoniornm
796 1824 896 1872 autem
911 1830 1010 1885 onera,
1034 1808 1086 1871 nifi
1101 1812 1229 1894 expertis
1245 1828 1329 1881 antea
1344 1812 1499 1876 cohabita·

473 1902 564 1981 tione,
588 1900 802 1962 commixtione
823 1900 951 1974 morum,
975 1918 1094 1959 morum
1120 1900 1274 1981 qualitate,
1299 1901 1328 1973 &
1351 1902 1500 1984 praeeipne

474 1986 680 2061 soeennditate,
707 1983 803 2048 subire
819 2006 878 2045 non
894 1985 997 2052 solent.
1044 1988 1163 2049 Deinde
1178 1988 1206 2049 8(
1222 1988 1334 2068 puellas
1349 1986 1404 2051 sub
1419 2006 1502 2051 certo

475 2076 645 2164 parentibus
659 2075 789 2155 pecuniae
804 2093 937 2146 numero,
954 2074 982 2145 8(
998 2070 1182 2153 resipiscendi
1196 2076 1284 2159 poeni
1298 2074 1419 2150 statutai,
1439 2098 1501 2141 nou

401 2172 415 2239 l
434 2175 448 2203 ⁸
475 2170 494 2204 s
509 2164 618 2225 ducere
631 2164 752 2243 quidem
769 2161 925 2241 imprimis,
949 2158 997 2232 sed
1012 2160 1123 2245 quast*
1136 2164 1301 2231 conducere
1316 2165 1460 2247 antiquus
1469 2166 1502 2229 in

476 2251 530 2327 hac
546 2268 632 2333 gente
649 2271 712 2314 mos
733 2250 875 2315 obtinuit.
1563 2297 1564 2314 r

519 2337 655 2405 Ecclesiae
678 2357 747 2399 vero
770 2334 892 2398 illorum
911 2353 1015 2406 omnes
1035 2334 1097 2406 fere
1120 2352 1164 2407 tot
1189 2331 1334 2417 personas,
1359 2338 1390 2400 8(
1409 2340 1501 2421 parti·
1563 2355 1564 2400 3

451 2424 455 2430 “
476 2428 567 2508 cipes,
592 2426 713 2500 habent,
737 2440 813 2507 quot
838 2424 1007 2505 capitalium
1030 2426 1160 2497 virorum
1184 2427 1213 2486 in
1232 2428 1373 2509 parochia
1393 2448 1503 2511 genera
1563 2469 1564 2488 r

451 2511 596 2591 suerint.

521 2597 680 2663 Succeffive
707 2617 828 2681 qunque
852 2598 881 2662 8(
903 2594 967 2679 post
987 2614 1086 2682 patres
1113 2598 1166 2669 filii
1193 2598 1326 2676 ecclesias
1350 2602 1501 2682 obtinent,

475 2687 702 2764 noneleslive„
746 2701 779 2722 ·-
1466 2714 1472 2721 ·

460 2849 462 2856 ¹
518 2777 566 2836 De
580 2774 699 2835 duobus
716 2773 762 2848 his
777 2772 948 2845 exceffibus,
972 2773 1096 2838 incestus
1111 2775 1288 2849 videlicet&
1303 2774 1500 2856 successionis,

378 2927 383 2938 ,
475 2863 612 2926 radicatis
627 2862 697 2923 olim
714 2863 744 2922 in
761 2863 914 2922 Armorica
930 2865 1090 2938 Britannia,
1107 2862 1234 2926 necdum
1249 2865 1414 2942 eradicatis,
1432 2865 1502 2930 scri·

312 2969 456 3033 maestitiae
475 2946 564 3013 bitin
579 2949 706 3032 quadam
724 2948 845 3029 epistola
861 2946 910 3009 sna
927 2949 1128 3027 Hildebertus,
1152 2955 1315 3025 Cenomant
1333 2953 1501 3039 episcopus.

312 3043 328 3084 ¹·
335 3037 383 3087 1³²⁵·
478 3041 680 3114 Veruntamen
696 3040 792 3100 multo
806 3037 865 3120 jam
886 3051 1016 3118 tempore
1030 3040 1105 3100 adeo
1119 3039 1136 3097 ri
1151 3039 1325 3102 Britonibus
1341 3045 1503 3106 enormitas

414 3195 421 3200 .
477 3126 527 3188 illa
551 3122 669 3208 prorsus
690 3123 819 3200 evanuit,
845 3145 878 3184 ut
901 3126 962 3205 ejus
984 3127 1072 3187 etlam
1094 3129 1233 3189 memoria
1257 3129 1318 3210 jam
1344 3131 1426 3212 apud
1450 3153 1502 3202 eos

478 3215 529 3278 vix
545 3212 698 3276 habeatnr.
740 3223 743 3228 “

384 3381 386 3385 ,
461 3367 463 3370 ,
522 3301 674 3378 SIcutrex
688 3296 757 3361 offa
781 3295 834 3360 sno
858 3313 1003 3382 tempore,
1045 3301 1076 3362 ui
1094 3301 1123 3362 8(
1142 3299 1356 3367 sossafiualiin
1374 3302 1503 3390 longum

478 3384 595 3466 extensa
611 3388 746 3450 Britones
765 3386 803 3447 ab
820 3389 925 3470 Anglis
940 3322 1072 3452 exclusit.
1158 3397 1161 3401 ’

522 3473 1502 3559 Ethelstidusquoque‚quinobilemLegionumnrbemdesttuxit,

478 3564 630 3646 &egregii
646 3562 723 3625 illins
736 3562 951 3646 Bangornensrs
964 3563 1126 3625 monasterii
1142 3567 1303 3635 monachos
1315 3569 1345 3630 in
1356 3572 1503 3636 antulium

479 3649 592 3728 orando
608 3665 726 3712 vocatos
741 3649 848 3732 gladiis
864 3652 1021 3711 interemit.¹
1422 3691 1428 3698 ι

525 3739 565 3798 Et
589 3736 663 3800 stcut
682 3736 770 3820 longe
786 3737 902 3818 plenius
923 3737 1074 3800 Herbidus
1093 3737 1228 3816 ultimus,
1251 3744 1304 3826 qui
1328 3743 1418 3826 pedes
1442 3745 1504 3828 ipse

480 3843 599 3906 cunque
614 3823 740 3906 pedestri
755 3828 897 3897 exercitu,
922 3827 951 3886 8(
971 3826 1086 3890 levibns
1101 3830 1201 3903 armis,
1224 3831 1374 3912 vistuqne,
1400 3838 1504 3915 patriae

480 3907 639 3989 conformi,
664 3927 722 3974 tam
745 3912 843 3973 valide
860 3927 950 3974 totam
966 3914 1135 3977 Cambriam
1150 3918 1179 3977 8(
1194 3918 1339 3991 circuivit,
1363 3922 1393 3982 8(
1411 3920 1504 3991 trans·

220 4067 223 4076 Ι
317 4005 445 4073 Hyperbos
480 4000 656 4081 penetravit,
689 4014 724 4061 ut
747 4001 778 4060 in
798 3999 900 4061 eadem
921 4002 1102 4083 mingentem
1125 3999 1186 4066 sere
1211 4004 1249 4065 ad
1271 4007 1414 4088 parietem
1441 4030 1503 4084 non
1561 4050 1562 4069 r

317 4067 362 4140 liet
371 4071 470 4139 &stum
479 4085 645 4170 reliquerit.
689 4090 724 4152 In
744 4088 829 4167 cnjus
844 4087 975 4164 vidioriae
990 4088 1116 4172 sgnum,
1139 4109 1373 4176 perpetuamque
1387 4117 1502 4161 memo·
1561 4154 1562 4167 ,

413 4193 418 4218 ¹
479 4174 565 4250 tiam,
588 4173 700 4258 lapides
724 4175 755 4236 in
779 4174 897 4247 Wallia,
930 4197 1011 4238 more
1036 4180 1161 4260 antiquo
1184 4180 1214 4240 in
1241 4182 1362 4254 titulum
1386 4186 1503 4248 erestos
1561 4188 1562 4225 ³

465 4259 564 4350 loeis,
587 4261 744 4346 inquibus
767 4262 861 4338 vislor
874 4265 1023 4342 extiterat,
1045 4265 1139 4338 literas
1153 4266 1325 4347 hujusmodi
1340 4267 1503 4356 insculptas
1561 4274 1562 4359 ξ

513 4435 529 4467 a
545 4417 660 4482 Seunprrd
673 4418 826 4467 Whnrlnrum.
860 4418 946 4468 bNon
957 4428 1045 4471 lantum
1059 4424 1082 4471 in
1094 4423 1203 4488 margine,
1220 4439 1301 4471 verum
1316 4423 1383 4472 etiam
1393 4425 1428 4472 ad
1438 4441 1504 4475 voces
1561 4406 1562 4415 ἵ

480 4480 564 4543 ducere
576 4484 602 4535 d
618 4481 747 4549 conducere
757 4485 855 4532 cernitur
870 4485 1070 4562 assenserantqnem
1081 4498 1156 4536 tamen
1171 4492 1185 4537 ά
1203 4506 1270 4537 mann
1286 4489 1357 4537 aliena
1372 4487 1413 4554 effe
1427 4502 1504 4558 putot

481 4542 649 4636 (ddem'frilicrt
660 4563 704 4638 pre
717 4550 744 4618 ss‘
756 4567 829 4616 mora
841 4551 919 4622 Codicis
932 4557 944 4600 *e
955 4569 1042 4636 regenne
1052 4552 1117 4637 hujus
1128 4554 1188 4604 since
1201 4553 1420 4704 Giraldnssrripgtb

1377 4688 1383 4702 .
1397 4688 1411 4700 ι.
1421 4640 1508 4706 effic&
