3392 5300
284 500 1106 614 turrou'arttrconuucrauua
1288 546 1351 613 ης

139 684 167 723 st:
196 662 300 748 pradas
324 662 510 726 transmaria
530 661 624 724 milite
648 660 734 724 nullo
756 658 915 727 obststente
936 682 1044 745 cogere
1064 660 1210 749 solebant.
1265 651 1270 667 ⁹

141 760 161 813 :32
197 754 275 815 Tim
292 752 428 813 'Romani
442 751 653 813 denuntiavere
674 750 859 824 Britonibus,
882 770 942 812 non
961 746 989 812 se
1007 750 1087 812 nitra
1098 752 1211 814 obeo·

147 842 167 901 221.
197 860 259 906 rum
273 836 469 902 desenfionem
484 853 547 899 tarn
561 834 713 899 laboriosis
730 835 971 919 expeditionibus
987 837 1066 925 poffe
1078 836 1211 924 fatigari.

139 935 166 989 ir
195 923 269 1007 Ipsos
289 928 384 1009 potius
399 939 524 988 monent
541 943 623 987 arma
639 925 796 1005 corripere,
820 925 850 984 ἃ
872 925 1005 987 certandi
1028 945 1098 989 curn
1120 927 1210 990 hosti-

141 1024 168 1078 tf.
195 1015 249 1075 bus
262 1013 386 1089 studium
402 1009 512 1091 subire,
535 1011 590 1096 qui
606 1031 666 1074 non
685 1011 771 1073 aliam
795 1011 835 1074 ob
849 1013 987 1087 caudam,
1011 1034 1102 1095 quam
1118 1013 1140 1076 sr
1154 1012 1211 1098 ipii
1271 1024 1275 1030 ’

140 1112 166 1168 tis,
194 1101 291 1165 inertia
313 1097 506 1177 solverentur,
535 1100 578 1162 eis
601 1098 788 1183 pertentasse
810 1096 959 1163 fortiores.
1001 1102 1086 1186 Quin
1107 1103 1210 1179 etiarn,

153 1199 163 1255 [-
195 1190 309 1273 quia&
331 1188 387 1251 hoc
410 1184 503 1263 sociis,
536 1206 613 1270 quos
637 1185 841 1269 derelinquere
865 1187 1062 1269 cogebantur,
1096 1190 1211 1274 aliquid

139 1309 143 1345 r
159 1287 163 1342 ἵ,
193 1276 334 1341 commodi
350 1275 519 1339 adlaturum
538 1275 692 1359 putabant,
717 1294 838 1337 murum
853 1274 871 1337 ὲ
885 1276 959 1337 mari
978 1276 1017 1337 ad
1033 1272 1115 1340 mare'
1129 1275 1212 1341 resto

139 1373 163 1434 i.
195 1366 304 1426 tramite
317 1368 394 1426 inter
416 1364 516 1439 urbes,
539 1384 608 1447 quae
622 1362 745 1438 ibidem,
768 1361 809 1425 ob
832 1377 945 1425 metum
961 1363 1100 1442 hostium,
1123 1364 1212 1431 fasta

139 1470 162 1533 u·-
193 1448 317 1527 fuerunt,
340 1452 394 1513 ubi
411 1452 580 1513 &Severus
605 1450 760 1533 quondam
786 1450 898 1511 vallum
919 1450 1038 1529 fecerat,
1061 1452 1151 1517 firmo
1171 1455 1211 1519 de

139 1535 166 1611 3421
193 1538 282 1619 lapide
295 1538 442 1602 locarunt.
485 1542 590 1621 Quem
603 1537 739 1600 videlicet
759 1558 880 1600 mutum
895 1538 1036 1602 hedenus
1050 1538 1209 1621 famosum,

139 1641 164 1697 ,χ-
193 1641 277 1707 atque
290 1622 492 1707 conspicuum,
515 1623 638 1708 sumptu
654 1626 728 1707 pub:
745 1627 930 1709 privatoque,
953 1626 1095 1708 adjundia
1110 1629 1209 1696 secum

139 1729 163 1788 :21
193 1706 518 1787 Britannorum'mantt,
542 1710 762 1785 construebant,
786 1713 857 1775 otto
880 1715 970 1795 pedes
983 1715 1088 1792 latum,
1107 1717 1139 1780 bt
1156 1739 1207 1784 12.

191 1800 288 1877 altum,
311 1800 392 1863 resta
415 1802 454 1864 ab
476 1802 589 1863 oriente
614 1802 644 1862 itt
668 1798 805 1863 occasum
834 1804 979 1877 linea-ut
997 1803 1092 1887 usque
1120 1808 1210 1871 hodie

139 1910 158 1969 :gs
191 1888 368 1952 intuentibus
383 1889 495 1951 clarum
508 1887 560 1953 est.
601 1892 676 1975 Qo
690 1909 763 1950 mox
778 1891 904 1951 condito
921 1890 995 1952 dant
1019 1890 1106 1955 fortia
1129 1891 1210 1979 segni

139 1980 158 2054 J,
192 1976 298 2057 populo
309 1979 432 2051 monita,
450 1976 587 2059 praebent
601 1976 840 2038 instruendorum
851 1979 1030 2061 exemplaria
1044 2000 1209 2048 armorum.

139 2099 160 2142 ,35
192 2063 246 2125 Sed
269 2065 344 2127 &in
360 2064 460 2127 littore
479 2066 581 2126 oceani
604 2064 641 2124 ad
663 2065 826 2138 meridiem,
850 2084 913 2147 quo
926 2086 1014 2130 nares
1033 2088 1137 2133 eorum
1157 2070 1211 2133 ha·

140 2189 159 2231 z:
190 2150 339 2227 bebantur,
365 2154 438 2235 quia
451 2151 562 2214 &inde
575 2152 771 2214 barbatorum
788 2152 915 2233 irruptio
929 2155 1098 2233 timebatur,
1110 2173 1212 2231 turres

139 2242 161 2320 5:ss
191 2259 238 2320 pet
252 2238 407 2304 intervalla
428 2239 466 2302 ad
481 2236 669 2324 prospedium
685 2243 775 2302 maris
797 2240 953 2319 collocant,
976 2244 1007 2304 &
1027 2245 1213 2311 valedicunt

144 2372 147 2375 ·
521 2364 536 2395 0

191 2407 276 2490 sociis,
302 2432 446 2497 tanquam
463 2414 539 2475 ultra
554 2434 612 2476 non
628 2410 780 2477 reversuri.
824 2413 944 2499 Qibns
960 2413 997 2476 ad
1012 2413 1062 2478 sua
1079 2440 1212 2483 remean-

139 2513 156 2584 {1²1
191 2502 275 2576 tibus,
309 2504 432 2586 cognita
456 2504 551 2565 Scotti
576 2501 713 2583 Pidiique
738 2502 849 2563 reditus
874 2503 1066 2587 denegatione
1085 2508 1212 2571 redeunt

141 2611 154 2673 3
190 2587 338 2654 confestim
365 2589 431 2674 ipii,
457 2586 587 2653 &solito
602 2588 830 2653 confidentiores
852 2587 934 2676 fatti,
958 2610 1079 2655 omnem
1096 2609 1110 2640 ⁶
1125 2597 1210 2680 aqui·

139 2726 148 2760 ,y
189 2676 308 2741 lonalem
334 2694 562 2760 extremamque
579 2675 682 2740 insulae
704 2694 815 2760 purtem
840 2699 895 2760 pro
916 2680 1062 2764 indigenis
1085 2683 1130 2745 ad'
1144 2705 1210 2746 mu·

141 2757 156 2838 j,
191 2784 251 2826 runt
268 2763 362 2849 usque
376 2765 537 2849 capessunt.
583 2767 731 2828 Statuitur
745 2765 782 2828 ad
808 2767 873 2828 haec
891 2767 921 2827 in
942 2768 1025 2829 edito
1039 2771 1113 2832 artis
1133 2773 1211 2836 acies

142 2877 151 2935 ,⁵1
190 2847 201 2896 i
219 2848 321 2936 segnis,
347 2857 403 2917 ubi
420 2852 555 2916 trementi
570 2855 659 2916 corde
674 2853 789 2935 stupida
813 2856 861 2916 die
875 2853 1029 2939 nodoque
1051 2861 1211 2926 marcebat.

144 2993 146 3022 ;
190 2940 227 2998 At
240 2957 343 3004 contra
357 2961 420 3004 non
435 2940 693 3018 ceffant'uncinata
709 2942 836 3004 hostium
849 2943 916 3005 tela.
962 2947 1063 3027 ignaui
1079 2957 1211 3031 propug-
1229 3006 1231 3015 ,

140 3076 153 3111 2„
189 3043 308 3105 nitores,
332 3027 494 3093 miserrime
511 3029 549 3091 de
563 3030 657 3092 muris
672 3027 767 3102 tratti,
792 3027 855 3092 solo
870 3031 1091 3096 adlidebantur·
1125 3029 1211 3123 Quid

140 3163 149 3200 ζῇ
189 3114 294 3193 plura?
319 3117 430 3180 relidiis
453 3117 632 3193 civitatibus,
655 3136 688 3180 ac
712 3137 809 3192 muro,
832 3115 966 3201 fugiunt,
990 3118 1209 3206 disperguntur,

143 3249 144 3252 ,
189 3201 346 3286 insequitur
363 3203 465 3280 hostis,
489 3203 687 3267 accelerantur
698 3204 807 3289 strages
822 3206 940 3268 cundiis
954 3208 1133 3273 cruderiores
1149 3216 1210 3294 pri·

140 3323 149 3371 3
190 3291 295 3354 atibus.
344 3295 430 3356 Sicut
442 3293 521 3355 enim
537 3294 605 3376 agni
621 3290 730 3364 aseris,
754 3296 793 3355 ita
808 3291 902 3357 miseri
916 3297 995 3358 cives
1012 3295 1211 3380 ‘disperdun-

189 3390 231 3439 tur
247 3382 286 3444 ab
301 3379 448 3444 hostibus.
494 3382 583 3442 Unde
605 3378 622 3440 a
637 3379 836 3443 mansionibus
856 3403 890 3443 ac
904 3381 1134 3464 poffeffiunculis
1149 3385 1209 3450 suis

188 3466 276 3543 ejeiii,
301 3469 462 3532 imminens
485 3466 539 3532 stbi
561 3466 646 3530 famis
669 3467 831 3550 periculum
854 3469 1021 3545 latrocinio,
1044 3492 1079 3534 ac
1098 3479 1210 3556 rapaci·

188 3567 241 3617 tate
256 3575 376 3632 mutua,
402 3555 617 3638 temperabant,
641 3575 783 3638 augentes
804 3573 942 3620 externas
964 3559 1131 3622 domesticis
1144 3582 1209 3623 mo-

140 3681 142 3715 3
189 3642 265 3706 tibus
279 3646 392 3718 clades,
418 3644 512 3706 donec
529 3644 625 3704 omnis
643 3646 724 3724 regio
739 3644 830 3707 totius
844 3647 904 3708 cibi
926 3641 1133 3728 sustentaculo,
1156 3671 1209 3715 ex·

187 3746 268 3813 cepto
282 3732 414 3796 venandi
428 3727 537 3805 solatio,
560 3748 745 3792 vacuaretur.
1005 3747 1008 3756 “

570 3837 620 3896 Ex
638 3839 701 3916 cup.
719 3838 819 3900 x1110.

140 3937 141 3944 ’
246 3921 559 3997 t.'rheodosuJuntorts.‘
619 3929 621 3934 ’
683 3965 686 3970 ·

225 4002 320 4079 Cujus
340 4023 425 4065 auno
446 4002 563 4083 imperii
578 4005 630 4063 8⁰:
643 3999 789 4064 Palladius
804 4003 841 4066 ad
858 4007 988 4079 Scottus,
1011 4009 1043 4072 in
1056 4009 1209 4079 Christum

186 4087 343 4166 credentes,
385 4087 403 4150 i
428 4087 570 4174 pontifice
594 4089 721 4152 ecclesrae
752 4090 911 4157 Caelestino
938 4095 1053 4178 primus
1080 4101 1211 4167 mittitur

188 4173 353 4262 episeopus
570 4175 574 4184 ’

366 4263 369 4270 ’
638 4265 753 4332 Ibidem.
875 4338 879 4344 ,
1229 4275 1286 4340 t’ag.
1299 4288 1390 4325 naa

481 4351 505 4414 s'.
521 4361 657 4412 maerore.

203 4461 207 4470 ⁴
227 4431 315 4492 Aurio
327 4432 415 4513 regni
425 4434 488 4513 ejus
500 4449 600 4494 xxrrr
609 4445 626 4492 ⁸.
639 4434 746 4504 AEtius,
756 4434 799 4493 vir
813 4433 953 4512 inlustris,
962 4440 1017 4522 qui
1028 4442 1059 4502 a
1071 4443 1212 4522 patricius

185 4509 250 4592 fuit,
274 4533 333 4603 3³¹¹.
356 4540 429 4584 cum
445 4522 621 4604 Symmacho
630 4519 719 4608 ¹gessit
734 4519 930 4587 consulatum.
976 4526 1026 4590 Ad
1042 4529 1123 4597 hunc
1137 4551 1212 4612 pau·

363 4659 380 4692 a
400 4645 444 4693 Sic.
507 4643 616 4711 &Signis
629 4646 690 4697 MS.
757 4646 960 4713 cDiscetpnutur
971 4651 1033 4700 MS.

1086 4722 1214 4805 percule
