3392 5300
320 433 391 572 122'0
644 433 1326 570 Joau'um'aaaaunr

357 691 360 702 ,
511 617 656 685 Alfredus
680 621 751 683 vicit
767 619 871 680 Dauos
886 610 1037 681 cruentils:
1055 638 1166 702 pugna,
1189 620 1364 704 quingentis
1387 615 1510 684 vivilo.

469 702 555 786 dimo
566 707 707 790 passibus,
732 709 762 770 in
778 705 860 782 loco,
883 705 976 786 vulgo
986 702 1195 768 Waschesorne
1209 707 1303 769 dieto.
1564 766 1565 769 ,

515 792 637 868 AEllled,
661 793 794 877 puellula
810 796 901 856 trium
915 813 1073 868 annorum,
1098 808 1206 858 temere
1224 814 1241 867 a,
1256 795 1374 860 nutrice
1388 795 1423 857 in
1444 793 1510 858 bau

471 905 530 950 neo
555 883 668 958 relitia,
692 903 764 964 quae
788 878 909 964 fugerat
931 896 1053 962 propter
1074 898 1188 944 metum
1211 883 1241 942 a
1262 881 1424 964 strepitum
1452 903 1511 964 pur

407 981 409 988 ’
472 973 640 1058 gononum,
670 971 769 1054 periit,
799 966 967 1052 &sepulta
990 965 1051 1042 suit
1076 969 1108 1035 in
1137 968 1316 1035 monallerio
1341 973 1373 1032 S.
1402 973 1511 1034 Maria
1559 974 1562 985 “

474 1061 630 1126 Viloduni.
1129 1091 1133 1097 ‚
1564 1072 1565 1075 ’

467 1199 470 1204 „
516 1145 732 1218 Alfrednsrex‚
750 1143 874 1206 devitiis
884 1146 990 1220 Danis,
1002 1159 1089 1209 motu
1098 1146 1201 1210 uxoris
1214 1143 1273 1208 suae
1284 1145 1425 1229 nginae
1435 1165 1511 1209 conr

434 1237 436 1244 '
474 1236 552 1301 didit
574 1253 686 1297 novum
701 1230 914 1296 monasterium
929 1233 1084 1308 Viloduni,
1106 1255 1144 1296 eo
1168 1233 1247 1309 loco,
1272 1235 1326 1299 ubi
1349 1231 1412 1316 ipse
1426 1232 1511 1316 priua

475 1325 668 1396 habitaverat,
698 1323 728 1382 &
753 1321 914 1385 duodecim
935 1317 1029 1385 sacras
1053 1323 1182 1406 virgines
1204 1343 1287 1385 curae
1309 1321 1516 1404 Radeguudia

475 1412 591 1476 abbatis
608 1407 741 1484 tradidit,
756 1407 975 1492 rtranstulitque
990 1408 1133 1473 tredecim
1148 1411 1276 1492 virgines
1291 1407 1465 1474 monasterii
1479 1413 1509 1472 S.
1564 1410 1565 1439 ³

475 1501 582 1563 Mariae
596 1498 627 1558 in
639 1495 736 1562 suum.
773 1501 818 1559 Ita
829 1512 916 1560 erant
926 1517 1052 1582 nurnero
1062 1498 1169 1580 viginti
1183 1501 1212 1560 a
1224 1495 1285 1562 sex.
1313 1493 1454 1560 Absolvit
1464 1517 1510 1560 ec.-

473 1585 593 1652 elesrarn
604 1605 711 1646 novam
724 1605 793 1648 cum
808 1583 935 1664 officinis
949 1585 1070 1650 duobus
1079 1587 1172 1662 annia,
1188 1607 1283 1670 quam
1296 1585 1454 1649 dedicavit
1468 1589 1509 1648 D.
1564 1624 1565 1627 =

475 1675 590 1745 Mariae,
614 1675 644 1734 ἃ
665 1674 776 1738 saneto
792 1673 1023 1756 Barptolemaeo.
1352 1669 1361 1717 f
1386 1726 1388 1729 .
1564 1680 1565 1753 j

520 1759 663 1823 Alsredus
686 1760 821 1824 condidit
835 1759 1044 1827 monasterium
1065 1760 1103 1825 de
1122 1760 1316 1846 Sceastelbyri
1335 1761 1510 1847 ingratiam
1564 1806 1565 1853 ,

476 1849 655 1932 Ethelgarae,
679 1846 748 1930 filia
761 1847 828 1912 suae.

521 1935 658 2020 Edgarus
671 1957 724 1999 rex
739 1939 859 2002 nomine
873 1937 943 2000 iilia
957 1935 1016 2001 suae
1027 1937 1156 2014 aditha,
1168 1959 1207 2001 ex
1218 1937 1385 2002 Wultrilde
1400 1958 1509 2001 concae
1564 1934 1565 1939 ’

476 2026 549 2092 bina
564 2027 681 2108 genita,
704 2025 789 2088 auxit
804 2025 1018 2090 monasterium
1032 2023 1243 2090 Vilodunense.

459 2101 466 2134 ⁸
522 2117 594 2176 Haec
617 2133 686 2174 cum
702 2113 880 2191 adolevisset,
904 2131 1027 2178 curante
1049 2131 1141 2196 patre,
1164 2115 1415 2197 gubernationem
1431 2135 1508 2178 acce.

435 2279 439 2283 Ι
477 2203 532 2288 pit'
538 2202 628 2280 trium
643 2199 898 2284 monasteriorum,
913 2201 1024 2284 scilicet
1038 2201 1257 2284 Vilodunensrs,
1277 2202 1507 2288 Berecingeusrs,

945 2313 1099 2372 Simenorum

478 2379 649 2455 &Matiani
665 2379 750 2464 quod
763 2337 808 2479 esi
819 2381 927 2444 Ventae
942 2382 1114 2465 Belgarum.

332 2498 389 2582 Rag-
403 2514 459 2576 196,
632 2506 683 2564 Ex
697 2503 793 2582 primo
806 2501 878 2565 libro
892 2491 1039 2579 Eudmeri,
1065 2500 1196 2565 monachi
1210 2493 1375 2566 Cuniuar:⁵
1461 2547 1464 2553 .

522 2609 580 2674 Hic
603 2629 677 2693 ergo
700 2605 897 2686 nantuacus,
920 2631 989 2677 cum
1002 2610 1194 2675 (lantuariam
1213 2611 1313 2695 primo
1326 2609 1459 2688 muilier,
1481 2609 1509 2689 lic

479 2696 627 2761 ecclesram
644 2696 812 2772 salvatoris,
836 2719 931 2781 quarn
954 2720 1053 2783 regere
1069 2694 1242 2781 susceperat,
1266 2698 1406 2763 incendio
1420 2714 1509 2781 atque
1564 2731 1565 2738 ,

420 2860 421 2863 Ἴ
481 2786 573 2869 ruinis
595 2805 671 2867 pene
696 2783 891 2861 nihilisasiarn
915 2788 1075 2866 invenisset,
1107 2801 1206 2849 mente
1230 2771 1436 2867 consternatus
1460 2785 1508 2862 est,

479 2872 539 2937 aad
555 2893 625 2948 curn
647 2875 827 2955 magnitudo
847 2874 916 2937 mali
939 2874 1027 2939 illum
1047 2889 1168 2958 cogeret
1183 2871 1347 2957 desperare,
1369 2875 1461 2943 rediit
1479 2876 1510 2959 in
1564 2883 1565 2924 Ὗ

442 2952 444 2963 ⁴
479 2958 519 3038 se,
543 2960 693 3043 animique
711 2956 887 3025 fortitudine
901 2962 1005 3040 srems,
1029 2960 1080 3025 sua
1097 2964 1313 3038 commoditate
1327 2962 1508 3046 posthabita,

481 3049 588 3113 domos
612 3048 651 3109 ad
675 3069 753 3132 opus
778 3053 994 3129 monachorum
1016 3050 1184 3114 necessarias
1209 3052 1301 3113 citato
1323 3044 1509 3135 opere‘con-
1564 3115 1565 3122 ,

480 3133 647 3211 summavit,
671 3138 782 3219 quibus
806 3158 859 3220 per
879 3139 1091 3223 plures'annos
1104 3136 1157 3201 ufi
1171 3133 1261 3201 sunt:
1281 3154 1297 3185 a
1311 3139 1444 3203 adautio
1463 3160 1512 3203 eo·

480 3244 550 3288 rum
563 3240 720 3298 conventu,
744 3246 841 3307 parva
855 3226 1019 3307 admodum
1035 3224 1100 3306 visae
1113 3224 1190 3289 sunt.
1228 3224 1397 3290 Destmttis
1410 3229 1510 3312 itaque

460 3314 552 3391 siliis,
583 3313 663 3386 alias,
697 3312 857 3394 decore&
882 3315 1087 3399 magnitudine
1112 3313 1259 3397 prioribus
1283 3314 1416 3396 multum
1439 3338 1509 3401 praa
1564 3333 1565 3344 ¹

480 3398 603 3481 stantes,
619 3398 785 3464 aedificavit.
820 3402 990 3466 AEdificavit
1003 3404 1033 3466 ἃ
1045 3404 1159 3468 curiam
1171 3401 1247 3478 srbi;
1268 3402 1509 3488 eccleliam'prae-

483 3502 572 3563 terea,
596 3510 687 3572 quarn
704 3485 798 3573 spatio
812 3487 923 3573 septena
937 3511 1085 3569 annorum
1107 3488 1126 3570 a
1139 3487 1342 3570 fundamentis
1356 3490 1453 3573 ferme
1467 3510 1509 3555 to

482 3591 545 3638 tarn
561 3576 725 3657 perseslam
739 3577 881 3641 reddidit.
1070 3646 1072 3652 k
1222 3657 1225 3668 ³

526 3664 611 3748 Qid
626 3663 750 3743 reseram
765 3666 802 3746 de
813 3667 932 3745 abbatia
947 3665 1105 3743 autbani,
1122 3686 1224 3751 quam,
1241 3668 1323 3729 intus
1334 3666 1365 3731 da
1378 3683 1465 3732 extra
1475 3667 1510 3751 ad

483 3751 616 3815 nihilum
631 3749 692 3812 fere
706 3752 888 3831 devolutam,
903 3751 973 3838 ipse,
996 3769 1032 3817 ut
1044 3753 1136 3833 suam,
1158 3752 1294 3818 instituto
1310 3756 1338 3818 ei
1352 3755 1441 3819 bonae
1454 3777 1509 3820 me·¹

485 3841 586 3902 moriae
612 3839 706 3901 Paulo
732 3839 849 3917 abbate,
880 3840 1121 3922 isundamentis
1147 3842 1345 3921 reaedificavit,
1377 3846 1409 3906 a
1434 3847 1510 3920 intua
1564 3845 1565 3856 ’

485 3946 593 4009 magna
608 3925 758 4009 religione,
781 3927 854 3992 foris
869 3931 1033 4012 multarum
1047 3952 1148 3995 rerum
1161 3931 1332 4013 donatione,
1349 3933 1445 4015 auxit,
1460 3934 1509 4012 hof,

484 4012 618 4097 radiavit,
641 4014 767 4077 ditavit?
990 4036 994 4041 ’
1369 4030 1372 4034 ’

531 4105 566 4165 In
591 4098 762 4183 episcopatu
784 4102 907 4168 Rosenli
928 4126 989 4169 non
1015 4108 1113 4171 multo
1136 4107 1237 4191 plures
1258 4129 1350 4191 quam
1371 4124 1510 4194 quattuor

484 4192 664 4270 canonicus,
689 4190 718 4271 bt
741 4188 818 4273 ipsos
833 4191 1030 4271 aerumnosam
1044 4198 1137 4257 vitam
1157 4210 1277 4279 agentes
1291 4194 1346 4260 sub
1362 4201 1509 4262 Siuuordo

488 4274 636 4357 episcopo,
662 4280 779 4360 reperit,
805 4284 859 4363 qui
879 4279 1032 4365 episcopus
1052 4284 1106 4345 ubi
1121 4304 1188 4345 cum
1208 4285 1349 4360 Ernusl0,
1374 4287 1509 4368 quernei

387 4429 391 4438 1
488 4360 680 4447 succesorem
700 4365 886 4432 Lansrancus
907 4369 1057 4445 statuerat,
1083 4368 1216 4455 prasenti
1229 4376 1296 4435 virae
1315 4370 1448 4439 sublatus
1461 4373 1509 4450 esi,
1564 4375 1565 4378 ’

441 4523 446 4537 ⁸
485 4453 650 4535 monachus
664 4451 721 4557 gia
733 4456 956 4551 recordationis,
978 4460 1189 4551 Gundulphus¹
1203 4463 1334 4553 nomine,
1355 4462 1395 4547 ab
1410 4462 1510 4549 eodem

889 4604 969 4671 un,
985 4604 1113 4674 atauttol.
1161 4600 1164 4607 “

1138 4694 1162 4772 a
1470 4672 1509 4755 ibt
