3392 5300
358 435 423 509 mr
677 415 1351 508 Jonuutsnntnunt

390 580 420 615 ne
463 581 470 610 t
999 583 1006 615 ἓ
1270 591 1276 600 “

337 567 462 745 «ἓξὲξ
546 647 636 711 Hunc
652 655 785 724 tempore
797 639 876 722 regis
886 563 1046 699 Ecsifsirdi
1058 632 1168 732 (frisio,
1183 655 1239 701 rex
1246 633 1446 714 Walenfium,
1463 633 1540 703 urbs

340 734 482 811 Heref'ordia
506 747 643 809 ctenuta,
666 730 784 814 expulit
799 725 866 790 sede
880 727 910 788 &
923 723 995 788 vita.

340 827 474 892 conflagra-
809 849 964 931 Tempore
977 842 1122 907 Gulielmi
1140 844 1227 928 Mag:

341 904 464 1033 sisbertus
502 1023 507 1028 ,
550 959 621 1018 Non
643 952 742 1016 multo
763 947 829 1035 post
846 950 960 1030 accepit
979 943 1076 1008 sedem
1097 945 1178 1009 illam
1198 945 1350 1010 Robertus
1373 947 1541 1012 Lothar’m·

344 1023 476 1136 Losthpppp-
506 1066 574 1129 gns,
590 1045 643 1126 qui
659 1042 702 1105 ibi
716 1037 870 1103 ecclesiam
880 1037 964 1099 tereti
976 1034 1136 1096 aedificavit
1152 1031 1285 1110 scemate,
1301 1038 1477 1119 Aquensem
1491 1038 1541 1099 ba·

343 1106 482 1202 novgbafi-
507 1134 617 1196 stlicam
643 1151 697 1212 pro
714 1127 807 1191 modo
831 1126 962 1188 imitatus
984 1119 1049 1198 suo,
1073 1124 1211 1185 omnium
1231 1123 1402 1186 liberalium
1430 1126 1542 1188 artium

344 1219 481 1268 ttcaeHere-
509 1218 708 1306 peritislrmus,
738 1216 865 1278 abacum
891 1213 1052 1296 praecipue,
1081 1210 1266 1273 &lunarem
1292 1232 1484 1296 compotum,
1514 1216 1543 1273 &

344 1284 468 1399 {Qus
508 1305 672 1372 coelesiium
687 1299 805 1366 cursum
823 1299 971 1364 astrorum
984 1302 1140 1375 rimatus]
1177 1298 1340 1363 Lelandus.
1379 1304 1459 1363 Sunt
1481 1302 1546 1362 duo

345 1415 479 1466 Lorharin-
504 1395 714 1480 ‘pulcherrima
744 1393 833 1472 juxta
858 1409 893 1452 ac
917 1386 1092 1460 dosiiffima,
1126 1384 1277 1450 volumina
1303 1389 1334 1450 in
1363 1387 1546 1453 monasterio

346 1481 483 1557 gusonni·
510 1477 828 1563 AEdmundoburgensr
851 1477 980 1540 Roberti
1006 1474 1254 1550 Melundinensrs,
1288 1473 1420 1559 episcopi
1449 1480 1545 1540 Here·

347 1558 489 1662 ufflsfum
510 1568 666 1644 fordensis,
691 1566 777 1651 super
799 1563 970 1639 sententias,
994 1563 1053 1625 srve
1067 1563 1106 1625 de
1128 1560 1314 1627 sacramentis
1327 1567 1435 1627 veteris
1458 1566 1544 1628 testa·
1568 1562 1570 1685 y

347 1630 471 1728 imbertus
512 1661 615 1721 menti.
661 1660 750 1720 Hunc
772 1674 831 1738 ego
852 1653 908 1716 esse
929 1651 1057 1716 arbitror
1070 1672 1165 1735 quem
1188 1653 1238 1713 hic
1255 1652 1331 1714 Gula
1355 1654 1456 1716 Meldr
1481 1659 1545 1716 Ro·
1568 1690 1569 1695 κ

348 1742 481 1818 Lornarin3
512 1747 636 1810 bertum
655 1743 879 1826 Lotharingum
892 1756 990 1816 vocat,
1013 1737 1116 1822 estque
1135 1739 1361 1803 Melundunum
1376 1737 1477 1804 forsan
1491 1764 1544 1825 op:
1569 1716 1570 1801 i

348 1807 504 1924 ᾗᾚξῗξ
515 1834 731 1914 Lotharingiae.
767 1834 825 1894 Hic
839 1831 926 1898 Robr,
936 1827 1063 1893 Lothat:
1080 1842 1116 1890 ut
1127 1827 1201 1889 Gul:
1218 1831 1248 1889 in
1264 1829 1322 1892 hoc
1335 1828 1417 1893 libro
1431 1828 1546 1911 scribit,
1570 1868 1571 1941 p

349 1938 447 1988 storiam
458 1939 484 1986 tn
515 1922 632 2008 redegit
645 1920 773 1986 Mariani
790 1919 887 1986 Scotti
903 1915 1057 1982 historiam
1070 1913 1103 1979 in
1116 1917 1277 2000 epitomen.

327 2017 329 2022 ·
349 2005 480 2068 epitomen.
936 2027 955 2074 s·
967 2025 1093 2074 HerefOTd·

364 2071 424 2136 1¹⁵2·
437 2087 494 2132 ²30·
557 2100 652 2158 omar
674 2092 869 2178 episcopalem
893 2091 996 2156 sedem
1013 2091 1147 2175 reliquiis
1162 2088 1219 2154 suis
1237 2112 1291 2155 rex
1314 2093 1345 2154 8r
1364 2105 1480 2174 martyr
1505 2094 1545 2154 Ε·
1572 2174 1573 2179 1

513 2182 726 2259 thelbrichtus,
747 2183 830 2266 apud
852 2181 1018 2245 Orientalcs
1040 2181 1155 2264 Anglos
1179 2196 1266 2242 natus
1292 2182 1321 2240 8r
1347 2182 1545 2263 principatus:
1572 2204 1573 2207 ¹

512 2277 605 2339 Hunc
620 2293 672 2335 rex
686 2274 871 2334 Merciorum
885 2268 954 2333 Offa
969 2288 1026 2352 pro
1039 2268 1264 2330 confirmatione
1288 2269 1337 2346 (ut
1351 2269 1493 2352 putabat)
1518 2272 1546 2331 8<
1573 2336 1574 2341 γ

512 2359 656 2454 provesin
669 2362 754 2443 regni
769 2358 856 2423 nullis
870 2358 1039 2424 extantibus
1053 2355 1155 2419 cauffis
1170 2352 1305 2438 peremit,
1325 2353 1471 2420 nefariam
1484 2378 1546 2420 rem

514 2453 548 2512 in
564 2469 688 2532 procum
701 2447 768 2510 filiae
781 2447 982 2511 machinatus.
1009 2443 1180 2530 Invasitque
1193 2445 1349 2521 continuo,
1364 2465 1402 2508 eo
1412 2459 1546 2523 mortuo,

513 2557 643 2623 regnum
657 2534 811 2601 orientale.

809 2644 830 2696 s.
841 2644 970 2697 Hcrefordr
1575 2632 1577 2661 ⁴

559 2717 596 2778 In
611 2713 727 2778 dioecesr
747 2712 919 2799 presulatus
939 2714 1010 2781 sunt
1031 2714 1095 2780 duo
1109 2713 1255 2797 coenobia,
1278 2713 1360 2799 apud
1376 2711 1546 2778 scrobesbi-

515 2800 590 2866 riam
604 2804 635 2865 8<
651 2804 826 2870 Weneloch.
1330 2846 1334 2851 Α

562 2888 812 2953 Scrobesbiriense
837 2911 938 2955 recens
963 2888 1006 2954 est
1028 2892 1152 2955 omnino
1176 2889 1193 2954 t
1215 2894 1347 2974 Rogero,
1370 2890 1485 2953 comite
1510 2888 1548 2951 de

516 2978 625 3042 Monte
640 2980 812 3055 Gomerico,
833 2978 1040 3044 constitutum.
1077 2979 1126 3043 lbi
1139 2980 1301 3043 monachos
1315 2978 1426 3042 locavit
1439 2999 1481 3043 ex
1497 2980 1547 3040 Sa·

517 3068 580 3152 gin,
605 3064 731 3151 angusto
746 3065 865 3151 prorsus
879 3068 961 3132 visin
975 3070 1005 3131 ἃ
1017 3068 1142 3132 amistu.

353 3141 501 3261 pppgerusGde
560 3156 654 3239 Apud
669 3155 834 3219 Weneloch
850 3154 909 3219 suit
928 3154 1128 3240 antiquissima
1142 3154 1415 3219 sansiimonialium
1429 3155 1549 3218 babita-

353 3222 443 3327 ωξῗζξ
455 3227 573 3324 nitio,
597 3244 699 3327 ibique
715 3244 826 3306 beatissr
845 3245 1010 3329 Milburga,
1034 3242 1116 3307 soror
1138 3242 1244 3307 sansiae
1264 3244 1427 3318 Mildridae,
1450 3245 1549 3326 neptis

354 3342 471 3391 murator
518 3331 637 3407 Pendae,
658 3332 735 3415 regis
750 3332 945 3408 Merciorum,
961 3354 1001 3396 ex
1014 3330 1087 3407 filio,
1110 3333 1204 3395 vitam
1218 3328 1368 3416 transegit,
1384 3333 1413 3395 ἂ
1428 3331 1482 3393 srta
1495 3330 1547 3393 est.

353 3406 480 3521 lff‘nss'm
498 3422 578 3510 ‘Sed
592 3419 694 3482 locum
711 3420 836 3482 omnino
856 3418 1004 3485 desertum
1018 3420 1177 3505 praedictus
1190 3438 1290 3483 comes
1304 3420 1460 3484 monachis
1476 3420 1547 3483 Clu·

354 3489 458 3591 ἓξὲξ
482 3490 497 3522 ⁰
517 3507 702 3575 niacenfibus
716 3508 861 3591 implevit.

565 3597 763 3679 Sepulchrum
774 3597 897 3681 virginis
911 3595 988 3660 clam
999 3611 1063 3660 erat
1076 3596 1160 3659 novis
1171 3595 1304 3673 advenis,
1314 3597 1459 3659 omnibns
1469 3595 1549 3659 ride·

519 3684 589 3746 licet
611 3682 761 3746 vetustatis
786 3686 988 3748 monumentis
1011 3685 1155 3748 violentia
1177 3684 1308 3748 hostium
1331 3686 1360 3746 &
1379 3701 1549 3767 temporum

520 3771 637 3845 deletis,
680 3772 806 3834 Naviter
830 3793 912 3847 vero,
936 3773 1020 3849 dum,
1044 3774 1183 3836 inchoata
1198 3773 1270 3837 novi
1293 3774 1400 3857 templi
1424 3771 1550 3844 fabrica,

522 3854 647 3941 quidam
671 3878 745 3941 puer
767 3880 819 3942 per
845 3862 1014 3942 pavimenta
1034 3864 1210 3924 concitatius
1231 3859 1397 3938 cursitaret,
1429 3859 1551 3925 effiacta

522 3942 665 4013 mausolsi
678 3945 772 4025 fovea,
795 3948 949 4032 propalam
963 3970 1074 4033 corpus
1089 3950 1212 4033 virginis
1226 3947 1309 4014 fecit.

804 4055 855 4116 De
866 4054 995 4136 opuscopis
1011 4052 1266 4138 Licitfesdenstbus.

567 4152 737 4219 Lichesseld
753 4154 794 4218 est
809 4157 878 4218 villa
891 4159 1002 4241 exigua
1017 4161 1048 4222 in
1062 4178 1141 4242 pago
1155 4153 1350 4223 Statfordensr
1362 4158 1451 4245 longe
1462 4156 1479 4220 a
1490 4155 1550 4220 fre·

520 4244 644 4325 quentia
658 4244 790 4308 urbium.
835 4242 998 4311 Nemorosa
1012 4248 1090 4309 circa
1115 4250 1219 4331 regio:
1243 4249 1359 4311 rivulus
1382 4269 1467 4331 aquae
1481 4266 1550 4329 pro-

522 4344 590 4412 pter
602 4330 679 4395 fluit.
706 4330 835 4395 Ecclefia
845 4334 971 4417 angusto
982 4335 1040 4397 srtu
1051 4350 1123 4410 erat,
1139 4339 1335 4425 antiquorum
1342 4339 1477 4406 virorum
1486 4354 1550 4398 me·

469 4466 471 4475 ι
522 4419 710 4481 diocritatem
723 4420 752 4482 ἃ
766 4418 970 4484 abstinentiam
986 4420 1152 4505 praeserens.
1310 4420 1316 4434 '

567 4503 616 4576 lbi
629 4503 753 4577 tanniu:
768 4508 874 4579 cedda
887 4510 917 4575 δε
932 4506 1005 4579 sedit
1018 4513 1049 4577 &
1061 4512 1148 4581 obiit.
1457 4597 1487 4676 N
1507 4612 1540 4658 m

1487 4614 1505 4660 ³
1538 4639 1551 4679 r
