3392 5300
371 455 414 542 gr
525 539 530 551 ¹
667 415 971 537 Joauu'rs
1026 452 1344 522 nuruum

490 588 563 654 chas
587 585 719 670 ejusdem
742 587 819 652 caste
840 590 938 656 virere
963 583 1116 674 disposuit,
1140 591 1171 653 &
1195 592 1287 656 vitam
1312 585 1512 662 'monachalem

487 675 624 762 suscepit,
646 680 702 740 &o
749 681 792 741 Ut
814 678 991 754 Modredus,
1015 681 1143 744 Ventum
1165 675 1293 764 fugiens,
1317 683 1347 744 δι
1369 701 1438 745 cum
1456 687 1511 746 Ar·

492 767 573 833 turio
586 761 714 830 secundo
726 765 933 850 congrediens,
954 763 1076 854 fugatus
1092 766 1151 858 sit,
1163 769 1409 854 Coruubiamque
1431 769 1512 836 elalle
1562 753 1563 834 l

514 855 622 920 etierit.

330 924 443 998 nunnus
489 875 513 938 p
535 939 699 1007 Confestim
710 937 910 1026 prosequutus
923 940 965 1006 est
976 958 1045 1008 eum
1056 942 1089 1008 in
1101 937 1273 1028 pradiuam
1285 945 1411 1030 patrium
1421 941 1511 1030 usque

329 1011 473 1144 ffiffi‘ff
491 1029 530 1092 ael
543 1030 598 1093 flu:
614 1030 780 1106 Camblam,
802 1030 857 1094 ubi
871 1029 921 1094 ille
935 1031 1098 1096 adrentum
1109 1032 1172 1112 ejus
1186 1031 1371 1114 expellabat.
1411 1035 1511 1112 ¹Porro

491 1117 669 1194 Modredus,
692 1134 727 1182 ut
740 1132 804 1182 erat
818 1120 954 1182 omnium
969 1118 1183 1196 audaciffimus,
1208 1121 1238 1182 &
1253 1116 1365 1203 semper
1379 1121 1417 1186 ad
1433 1123 1510 1184 inva-

491 1206 626 1272 dendum
636 1206 814 1281 celerrimus,
836 1205 991 1270 confestim
1005 1205 1111 1270 milites
1125 1205 1193 1270 suos
1207 1228 1260 1292 per
1274 1224 1405 1272 catervas
1420 1207 1510 1272 distri·

489 1293 569 1370 buit,
583 1291 725 1357 affectans
738 1293 854 1359 vincere
868 1295 915 1358 vel
928 1293 1005 1360 mori
1019 1297 1132 1379 potius,
1154 1315 1246 1382 quam
1262 1295 1406 1382 praedicto
1421 1299 1511 1361 modo

489 1383 605 1446 diutius
618 1378 735 1467 fugere.
1249 1411 1252 1416 ·

330 1472 440 1525 Mollredi
536 1471 677 1533 Concidit
699 1491 827 1561 namque
852 1470 987 1554 proditor
1008 1470 1061 1534 ille-
1076 1469 1230 1548 nefandus,
1254 1471 1399 1536 &multa
1421 1473 1510 1537 millia

330 1539 411 1590 ⁶³⁶⁶·
491 1570 562 1632 curn
586 1580 634 1624 eo.
679 1561 737 1622 Sed
757 1560 884 1640 inclytus
906 1559 954 1624 ille
967 1563 1099 1624 Arturus
1119 1579 1173 1624 rex
1191 1560 1326 1626 letaliter
1340 1562 1509 1626 vulneratus

493 1645 546 1721 est,
568 1648 621 1730 qui
641 1646 722 1710 illinc
746 1646 783 1709 ad
804 1645 931 1711 sananda
954 1647 1075 1712 uulnera
1098 1644 1149 1712 sua
1173 1648 1204 1710 in
1223 1640 1346 1714 insulam
1361 1649 1509 1712 Avallonis

490 1733 642 1809 advectus,
657 1751 786 1819 cognato
799 1732 853 1799 suo
867 1732 1069 1810 Constantino,
1086 1737 1116 1799 8<
1129 1731 1192 1800 filio
1203 1736 1328 1802 Cadoris
1343 1737 1428 1802 ducis
1440 1741 1508 1804 Cor·

490 1822 600 1898 nubiae,
622 1822 759 1888 diadema
772 1825 936 1911 Britanniae
947 1824 1091 1889 concelllt.

788 2047 792 2053 θ
825 1972 873 2032 Ex
885 1972 962 2050 cap0.
982 1975 1030 2033 1⁰.'
1043 1964 1083 2032 8³.
1098 1967 1176 2033 libri.
1275 2007 1284 2022 ·

532 2079 730 2148 Constantino
744 2083 838 2166 igitur
851 2081 1014 2154 diademate
1026 2083 1167 2168 inignito
1180 2081 1403 2148 insurrexerunt
1419 2087 1509 2148 Sauo-

263 2209 266 2217 =
363 2246 365 2250 ,
490 2192 554 2245 nes,
576 2173 606 2234 δι
629 2172 693 2234 duo
714 2169 769 2234 filii
785 2171 937 2246 Modredi,
962 2189 1015 2234 nec
1037 2173 1067 2235 in
1087 2191 1156 2234 eum
1172 2172 1326 2252 praevalere
1339 2175 1507 2257 quiverunt,

236 2263 241 2271 “
361 2259 363 2263 ’
489 2258 539 2327 sed
555 2258 620 2342 post
634 2258 763 2342 plurima
773 2258 852 2324 bella
865 2259 1054 2345 diffugiendo
1065 2281 1144 2322 unus
1155 2260 1337 2338 Londonias,
1352 2263 1427 2324 alter
1442 2281 1510 2324 vero

489 2349 686 2412 Guintoniam
709 2347 864 2432 ingreffus,
891 2368 940 2414 eas
965 2349 1098 2412 obtinere
1123 2363 1291 2432 coeperunt.
1335 2351 1431 2412 Tunc
1460 2350 1509 2412 de·

392 2463 407 2491 ο
486 2433 611 2503 ἱυῐιᾶιιε
630 2435 672 2500 est
696 2438 727 2498 S.
738 2437 862 2514 Daniel,
889 2430 1117 2522 Bangornenfis'
1130 2435 1257 2500 ecclesiae
1279 2435 1508 2522 religiosrilimur

488 2522 619 2600 antistes,
641 2523 830 2590 &Theonua
853 2523 1085 2589 Gloucestr'ensrs
1099 2521 1254 2608 episcopus
1273 2526 1303 2588 in
1318 2521 1508 2609 archiepisco·

488 2628 594 2696 prtum
609 2611 835 2675 Londoniarum
847 2613 979 2697 eligitur.
1018 2615 1112 2677 Tunc
1124 2612 1198 2675 obiit
1213 2608 1336 2676 tanniu:
1353 2611 1436 2677 urbis
1451 2617 1507 2678 Le·

482 2700 612 2784 ¹giouum
626 2696 863 2783 archiepiscopus
884 2700 982 2763 David
996 2702 1026 2767 in
1044 2702 1181 2765 Menenia
1194 2700 1312 2777 civitate
1326 2703 1403 2765 intra
1418 2702 1507 2767 abba·

490 2788 563 2849 tiam
588 2782 681 2864 suam,
703 2807 796 2871 quarn
821 2809 883 2872 prae
905 2789 1007 2853 ceteris
1022 2788 1153 2853 dioecesrs
1176 2783 1234 2861 suae
1257 2786 1438 2853 monasteriis
1465 2790 1509 2853 di·

489 2874 613 2952 lexerit,
637 2878 707 2959 quia
731 2877 836 2941 beatus
854 2878 1007 2954 Patritiur,
1029 2881 1083 2963 qui
1098 2879 1280 2941 nativitatem
1297 2877 1361 2959 ejus
1384 2878 1508 2961 prophe·

489 2977 613 3039 taverat,
636 2960 729 3047 ipsam
742 2961 890 3029 fundavit.
927 2968 1011 3031 Dum
1025 2968 1102 3030 enim
1118 2966 1161 3029 ibi
1175 2965 1257 3048 apud
1271 2963 1433 3029 confratres
1443 2962 1509 3029 suos

489 3070 604 3118 morant
617 3050 738 3128 faceret,
760 3049 860 3118 subito
875 3052 1018 3139 languore
1029 3068 1170 3137 gravatus
1185 3068 1323 3117 mortuus
1336 3052 1389 3130 est,
1404 3053 1444 3131 ἃ,
1459 3056 1508 3135 ju·

488 3139 579 3204 beute
592 3141 744 3227 Mailgoue
757 3140 982 3209 Veuedotorum
1004 3164 1083 3227 rege,
1106 3142 1139 3205 iu
1157 3142 1262 3205 eadem
1281 3139 1400 3205 ecclelia
1413 3140 1509 3226 sepul·

807 3271 809 3274 ·
1310 3258 1321 3296 t

489 3297 550 3381 tua.
593 3316 702 3380 Proto
717 3316 839 3400 ponitur
852 3316 882 3381 in
897 3312 1128 3402 metropolitana
1146 3312 1212 3379 sede
1226 3315 1369 3393 Kinocus,
1391 3318 1508 3401 Laupa-

347 3471 365 3497 ν,
485 3403 628 3471 tementis
641 3405 768 3473 ecclesrae
782 3404 912 3475 antistes.
1394 3412 1395 3417 ’

530 3498 576 3557 At
590 3492 801 3560 Constantinus
821 3492 967 3559 insecutus
988 3491 1031 3557 est
1050 3491 1128 3557 lilios
1144 3490 1296 3567 Modredi,
1320 3492 1352 3553 8r
1366 3492 1507 3568 Saxones,

487 3600 565 3664 quos
579 3581 716 3665 potestati
728 3578 788 3649 suae
801 3580 980 3667 subjugavit,
1004 3582 1034 3643 &
1047 3580 1204 3665 praedistas
1218 3581 1351 3645 civitates
1365 3582 1455 3662 cepit,
1479 3582 1508 3642 &1

485 3669 615 3734 alterum
626 3670 767 3749 juvenem
780 3672 965 3746 Guinrouiae,
980 3670 1012 3733 in
1027 3668 1176 3733 ecclessam
1193 3672 1223 3735 S.
1239 3666 1415 3752 Amphibali
1430 3668 1507 3753 fugi·

487 3770 597 3831 entem,
621 3773 689 3821 ante
705 3758 799 3823 altare
813 3759 987 3823 trucidavit.
1033 3757 1256 3827 Alterum-vero
1276 3754 1454 3831 Londoniis,
1477 3758 1507 3818 in

384 3919 389 3929 ¹
486 3844 676 3928 quorundam
685 3842 811 3911 fratrum
820 3838 1182 3920 coenobioablcouditum,
1195 3861 1285 3927 atque
1295 3844 1508 3925 taudemjuxta

485 3932 575 3999 altare
590 3934 752 4010 inventum,
775 3934 889 3999 crudeli
903 3949 1000 3999 morte
1012 3931 1131 4000 adfecit.
1177 3933 1294 3996 Exinde
1310 3944 1357 4015 30.
1373 3950 1451 3995 anno
1463 3934 1506 3993 in·

473 4019 626 4104 ,reuectus
640 4019 682 4084 est
697 4020 713 4084 l
728 4026 853 4088 Conauo
866 4019 1004 4087 sententia
1019 4020 1241 4107 dei-percuffus,
1264 4022 1295 4085 u
1303 4022 1393 4103 juxta
1407 4020 1506 4083 Uther

482 4108 709 4193 Peudragonem
723 4113 801 4195 intra
815 4110 948 4193 lapidum
964 4109 1144 4174 structuram
1158 4106 1291 4195 sepultus
1303 4100 1373 4171 fuit.

352 4203 460 4276 rag-3⁸.
525 4198 584 4261 Cui
599 4194 729 4261 succellit
745 4200 885 4263 Aurelius
900 4202 1051 4273 Coranus,
1075 4201 1156 4262 mirae
1171 4196 1458 4283 probitatisjuvenis,
1474 4194 1504 4257 Se

481 4282 573 4363 ipfius
589 4305 691 4369 nepos,
714 4288 767 4369 qui
792 4286 995 4351 monarchiam
1016 4288 1106 4351 totius
1126 4284 1228 4351 insulae
1251 4300 1353 4373 tenens
1376 4280 1503 4367 ejusdem

479 4370 647 4437 diademate
661 4374 770 4459 dignus
784 4374 865 4451 esset,
888 4374 910 4438 sr
925 4394 985 4438 non
997 4372 1081 4459 *foret
1095 4376 1189 4439 civilis
1206 4372 1274 4437 belli
1289 4388 1414 4435 amator.
1459 4374 1502 4435 A·

369 4510 374 4517 .
480 4461 645 4528 runculum
659 4465 769 4527 etenim
788 4458 886 4539 suum,
909 4464 963 4545 qui
986 4461 1050 4545 post
1065 4462 1290 4530 Constantinum
1309 4481 1431 4547 regnare
1450 4460 1502 4523 de-

384 4560 390 4569 ‘
480 4546 557 4628 buit,
580 4551 767 4638 inquietavit,
783 4548 853 4615 &in
867 4570 1015 4625 carcerem
1030 4547 1137 4635 posuit,
1160 4547 1283 4636 ejusque
1297 4546 1501 4700 duobusffielpis

871 4657 890 4723 ς
1087 4706 1090 4713 ,
1339 4654 1445 4701 rutere
1476 4654 1501 4698 rs
