3392 5300
339 462 407 552 ’,ψ
661 449 966 531 JOANNIS
1020 447 1341 518 LELANDI

525 583 573 648 lbi
587 579 814 648 succedentibus
826 581 912 644 aunis
927 579 1146 654 Edeluuoldus,
1164 576 1255 642 frater
1270 579 1431 645 Edmundi
1446 582 1519 666 regia

482 676 513 738 δι
528 687 636 755 marty:
652 673 744 734 vitam
760 671 963 734 heremiticam
977 663 1041 733 solo
1054 668 1250 752 panecibario
1263 669 1389 751 &aqua
1405 672 1501 734 trivit.

550 781 573 827 S.
586 775 748 826 Edeluuoldus
759 774 863 824 Cornelii
874 772 988 838 sepultus.

530 844 624 910 Dedit
643 845 826 908 occasionem
851 842 1002 926 posteriori
1018 856 1150 926 tempore
1175 843 1390 910 Etheluuardo
1414 845 1521 931 praedi·

485 935 551 1008 viti,
575 952 610 996 ut
623 932 796 996 coenobium
810 930 931 994 eo'loco
950 933 982 992 S.
998 932 1090 994 Petro
1102 930 1295 998 construeret.

531 1017 779 1084 Mideltunensem
804 1017 957 1081 ecclesiam
971 1015 1043 1080 fecit
1065 1036 1117 1080 rex
1131 1019 1324 1084 Ethelstanus
1346 1041 1410 1104 pro
1427 1023 1523 1084 anima

487 1108 589 1174 fratris
603 1104 648 1170 sui
659 1107 804 1180 Eduuini,
820 1125 911 1188 quem
927 1125 1018 1186 prato
1031 1122 1189 1189 corruptus
1199 1107 1324 1173 oonsilio
1335 1104 1455 1194 Abglia
1468 1110 1522 1190 eje·

488 1200 540 1262 cit.
575 1196 622 1258 lbi
633 1195 742 1258 multas
756 1194 935 1256 Sanslorum
945 1193 1097 1276 reliquias,
1112 1214 1151 1258 ex
1162 1197 1317 1260 Britannia
1327 1195 1522 1261 transmarina

468 1327 470 1334 ,
488 1298 615 1365 emptas,
632 1279 771 1365 reposuit.
802 1284 815 1342 l
819 1295 883 1343 uter
898 1301 974 1362 quas
982 1280 1112 1344 eminent
1127 1285 1275 1367 praecipue
1285 1285 1405 1350 beatiss:
1419 1290 1522 1369 Samp

341 1425 348 1432 .
488 1367 982 1452 sonisossa,Dolens1squondam
995 1366 1218 1454 archiepiscopi.
1396 1369 1400 1376 ’

324 1469 438 1521 sceaftes-
534 1455 686 1522 Sceftouia
710 1455 752 1520 est
771 1455 855 1520 vicus
875 1456 980 1530 modo,
1002 1458 1157 1538 quondam
1176 1459 1258 1535 urbs,
1281 1459 1369 1524 locus
1395 1461 1429 1524 in
1453 1479 1522 1543 pra·

323 1538 386 1605 byei.
490 1560 582 1629 rupto
595 1547 742 1608 montium
757 1542 837 1608 situs.
882 1542 1045 1607 Vetustatis
1059 1561 1073 1592 ⁰
1089 1544 1231 1611 inditium
1249 1545 1301 1608 dat
1315 1547 1405 1629 lapis,
1430 1551 1462 1611 iu
1476 1569 1520 1611 ca·

339 1693 341 1700 .
401 1689 404 1700 .
491 1633 593 1718 pitulo
609 1631 877 1696 saudiimonialium
899 1628 1064 1716 insculptus
1083 1632 1138 1711 ita,
1161 1631 1214 1700 ii
1236 1633 1428 1700 vetustissimi
1447 1637 1522 1700 muti

491 1720 586 1785 ruinis
602 1719 673 1782 illuc
689 1721 855 1784 transsatus.

323 1819 463 1888 rutundo.
533 1811 625 1871 Auno
639 1808 797 1870 dominicae
811 1808 1019 1873 incarnationis
1033 1807 1185 1874 AElfredus
1201 1831 1257 1877 rex
1276 1808 1350 1876 secit
1369 1810 1456 1876 banc
1475 1832 1520 1876 ur·

490 1893 588 1960 bemb
607 1915 705 1960 uccc.
725 1896 791 1958 80⁰.
807 1898 889 1982 regni
902 1895 947 1958 sui
961 1897 1080 1960 ottavo.

536 1981 539 1988 '
896 1984 943 2047 Ibi
959 1982 1091 2069 Elsgina,
1114 2007 1193 2051 uxor
1206 1986 1373 2065 Edmundi,
1399 1990 1455 2072 qui
1468 1985 1523 2050 fuit

853 2093 1001 2155 pronepos
1028 2073 1120 2152 hujus
1144 2073 1282 2151 AElsredi,
1313 2075 1523 2140 monasterium

486 2204 639 2271 ΗΜ
852 2157 1118 2226 lanllimonialium
1143 2162 1226 2239 fecit,
1259 2163 1440 2249 ibidemque
1462 2183 1520 2226 car·

515 2229 531 2271 e
640 2249 648 2269 ⁰
853 2249 900 2312 nis
914 2250 1035 2313 exuvias
1049 2247 1115 2332 post
1128 2247 1226 2314 fatum
1241 2249 1393 2334 deposuit.

896 2340 943 2400 Eo
955 2336 1011 2400 loci
1020 2339 1111 2418 jacet,
1125 2338 1174 2403 vel
1187 2340 1286 2422 potius
1294 2340 1405 2420 jacuit,
1419 2341 1451 2402 S.
1463 2335 1519 2400 Ed·

853 2424 999 2502 uuardus,
1022 2426 1113 2508 hujus
1129 2425 1245 2489 sanna
1255 2447 1294 2490 ex
1307 2426 1375 2490 filio
1392 2427 1520 2510 AEdgaro

847 2532 956 2608 nepos,
998 2534 1092 2596 quem
1119 2517 1268 2578 novercali
1296 2512 1405 2578 fraude
1437 2517 1517 2578 iuno·

493 2617 595 2666 center
617 2597 725 2665 caesum
748 2597 861 2665 coelurn
884 2602 1013 2683 excepit.
1036 2605 1100 2675 ,Et
1120 2603 1214 2685 prima
1228 2602 1353 2686 quidem
1370 2600 1517 2689 sepultura

364 2768 368 2775 Δ
494 2688 539 2753 illi
559 2688 641 2773 apud
654 2688 798 2751 Werham
817 2686 886 2765 suit,
909 2690 994 2771 quod
1017 2709 1077 2753 non
1092 2690 1213 2774 longei
1233 2694 1312 2767 loco,
1336 2694 1367 2754 iu
1387 2712 1453 2776 quo
1473 2708 1517 2751 oc·

343 2780 403 2846 rag.
415 2798 472 2834 220·
496 2772 570 2841 cisus
586 2772 654 2850 fuit,
677 2776 732 2859 qui
747 2774 826 2838 Corf
843 2773 978 2853 rodatur,
1000 2776 1137 2841 imminet
1150 2780 1234 2843 mari.
1279 2782 1382 2858 Jacuit
1396 2779 1441 2844 ibi
1452 2795 1518 2859 ergo

497 2865 637 2938 triennio,
647 2862 849 2926 invidentibus
860 2866 986 2927 inimicis
1001 2880 1124 2931 mortuo
1136 2864 1277 2951 cespitem
1286 2866 1516 2941 ecclesiasticum,

496 2954 545 3016 cui
560 2952 629 3015 vivo
643 2950 816 3031 invidebant
831 2952 922 3015 decus
936 2955 1063 3039 regium.

525 3070 527 3074 ’
1088 3061 1145 3111 alias
1156 3062 1213 3111 Lei:

327 3136 344 3199 ,⁹
356 3134 456 3201 Forsan,
539 3124 693 3189 Posteriori
709 3142 843 3211 tempore
858 3148 925 3211 pars
938 3129 1069 3213 corporis
1089 3126 1373 3210 Lesmouasterium,
1396 3151 1464 3217 pars
1477 3130 1514 3194 A·

326 3208 483 3320 fflsuff·
495 3210 686 3288 bendoniam,
711 3216 867 3298 deportata
881 3214 933 3281 est.

458 3305 465 3320 '
539 3305 574 3363 In
596 3301 732 3365 Wiltenst
758 3316 835 3387 pago
854 3301 924 3367 suut
941 3318 953 3351 ⁶
971 3305 1119 3382 coenobia,
1142 3304 1354 3372 Malmesbiriae
1379 3308 1514 3379 virorum,

485 3388 651 3457 ‚lifiltoniae
664 3388 693 3453 dt
707 3391 921 3457 Ambrelbiriae
942 3389 1131 3457 feminarum.
1177 3397 1226 3457 De
1245 3394 1431 3459 Malmelbir:
1453 3394 1516 3457 alias

494 3476 579 3559 loqui
606 3474 679 3541 sedit
700 3480 809 3543 animo.
857 3482 905 3543 De
927 3479 1171 3545 Ambrelbiriensr
1191 3480 1266 3545 nihil
1288 3482 1371 3545 aliud
1387 3484 1515 3546 notitiam

495 3564 628 3629 nostram
637 3566 745 3647 attigit,
759 3566 811 3629 nist
822 3569 907 3649 quod
916 3568 956 3631 ab
963 3563 1092 3643 Elsrida,
1106 3573 1137 3632 S.
1147 3566 1304 3631 Eduuardi
1313 3568 1515 3639 iuterfesirice,

496 3652 616 3717 &illud
632 3655 661 3715 8<
676 3652 899 3717 Weruuellense
919 3657 1016 3720 caussa
1030 3658 1212 3740 poeuitentiae
1228 3655 1307 3720 farta
1327 3656 1398 3721 sint.
1441 3647 1516 3739 Jacet'

496 3739 540 3801 ibi
565 3743 597 3801 S.
610 3741 756 3889 ‘ll‘dorus’
780 3744 866 3823 cujus
880 3740 1033 3828 prosapiae,
1056 3741 1176 3825 cujusve
1194 3742 1407 3824 sauliimoniae,
1430 3747 1515 3811 incer·

496 3842 562 3891 tum
579 3847 617 3889 nu
642 3848 662 3888 t.
1086 3869 1089 3874 <

539 3911 725 3977 Wiltunense
748 3918 924 3981 coenobium
946 3920 1033 3983 beata
1048 3920 1167 3996 Editha,
1191 3918 1253 3983 filia
1268 3921 1405 4004 AEdgari,
1428 3918 1514 3987 sedem

372 4069 375 4083 ,
486 3998 601 4065 'osltum
616 3999 747 4077 suorum,
772 4006 912 4069 dulcibus
925 4010 1038 4071 exuviis
1054 4024 1152 4083 ornat,
1175 4028 1276 4071 amore
1289 4008 1384 4073 fovet.

540 4088 677 4153 ll'iltuua
686 4090 726 4153 esl
736 4093 817 4155 vicus
829 4113 890 4156 non
901 4096 1031 4179 exiguus
1042 4093 1131 4180 supra
1138 4098 1220 4159 Wile
1229 4096 1283 4159 flu:
1296 4096 1423 4182 politus,
1437 4106 1514 4161 unta

496 4175 687 4256 celebritatis,
711 4194 747 4243 ut
763 4194 842 4243 totus
859 4202 953 4267 pagus
969 4183 1006 4246 ab
1021 4206 1057 4247 eo
1071 4202 1207 4249 vocetur.
1235 4178 1244 4185 ’
1391 4248 1395 4251 .

1064 4286 1244 4337 sUuiltunensr
1257 4288 1311 4354 sup:
1323 4290 1428 4343 Edidit.

329 4380 333 4387 -
429 4396 435 4403 .
492 4414 495 4421 ¹
539 4345 622 4423 Jucet
636 4363 736 4411 aurem
752 4350 781 4412 in
797 4351 899 4415 eadem
911 4353 1178 4431 eeclesransrith,
1202 4371 1298 4421 mater
1317 4358 1394 4438 ejus.

361 2027 485 2118 Elfgina
496 2043 585 2095 autor
597 2025 809 2111 Sophonienfis

325 2119 485 2188 monaster:

362 2294 468 2362 Potuit
476 2316 596 2380 augere,
605 2293 650 2356 vel
661 2312 807 2377 reparare.

326 2387 471 2448 Allredus
490 2374 599 2458 timeri,
623 2401 678 2446 rex
692 2379 808 2444 Westo·

322 2469 390 2538 'saxr
405 2473 538 2570 primum
555 2468 662 2553 posuit.

477 4526 482 4537 .
528 4503 542 4533 a
562 4489 618 4567 Sir.¹
635 4554 640 4567 ι
655 4489 666 4541 b
685 4494 906 4548 DCCCCLXXX‘.
921 4501 943 4549 in
958 4502 1010 4550 Cod.
1029 4503 1112 4556 Scller.
1124 4514 1258 4574 perperam.
1306 4506 1381 4555 clsta
1397 4502 1510 4557 cenobiat

380 4568 384 4581 .
494 4551 662 4607 lllalmellurtae
674 4558 827 4619 irruenter.
841 4565 925 4615 olid.
939 4567 1035 4617 Sauli.-
1480 4636 1509 4701 In
