3392 5300
327 431 389 516 398
645 421 948 508 Jonuuts
1003 416 1327 494 uuunuut

514 569 653 639 AunoD.
669 579 762 658 1298.
775 575 867 658 paulo
878 574 1070 640 antebellum
1081 577 1117 640 de
1129 579 1280 640 Foukirke
1299 593 1314 623 α
1326 569 1508 642 dextrarii&

470 657 615 726 Edwardi
635 677 662 725 t.
688 665 805 728 territus
820 660 1006 726 tumultuoso
1024 665 1153 728 clamore
1168 683 1268 747 regern
1291 662 1505 729 ascendentem

468 750 682 818 recalcitrando
695 751 810 832 dejecit,
829 751 976 834 laterique
997 753 1061 832 ejus
1077 753 1248 836 posteriores
1266 752 1355 836 pedes
1370 754 1505 818 allidens

470 838 545 900 duas
560 841 586 900 ei
609 837 702 902 collas
716 837 876 920 coniregit,
899 839 952 922 qui
968 838 1159 903 nihilominus
1182 857 1295 924 equum
1311 840 1403 902 aliurn
1425 863 1501 905 eon·

469 922 619 1002 scendens,
644 927 882 1010 progredientem
898 927 935 986 ad
953 928 1092 1006 proelium
1107 931 1270 992 exercitum
1283 929 1421 991 comitari
1440 944 1503 991 nou

470 1013 579 1077 omisit.
616 1017 650 1076 In
666 1015 722 1076 hoc
735 1015 842 1095 proelio
855 1015 982 1074 Briauus
997 1016 1070 1096 Jay‚›
1088 1031 1251 1100 praeceptor
1262 1015 1377 1078 militiae
1393 1017 1503 1101 templi

470 1100 597 1184 Angliae,
618 1100 757 1164 strenuisl:
782 1099 875 1175 miles,
899 1100 1011 1162 occisus
1025 1104 1077 1164 esi.

513 1187 647 1263 Penrith,
670 1207 748 1251 nunc
762 1189 855 1272 vulgo
876 1190 987 1250 Perith.

514 1279 601 1340 Auno
616 1278 656 1339 D.
679 1278 770 1356 1306.
794 1279 862 1338 Rex
876 1277 956 1358 apud
972 1270 1131 1340 Lanercosl
1149 1295 1337 1340 commorans
1351 1277 1435 1341 misit
1446 1279 1499 1360 ju⁴

469 1361 604 1428 slitiarios
618 1364 654 1426 ad
670 1365 847 1426 Berwicunr.
1079 1420 1082 1426 ,

514 1447 707 1512 Commissum
732 1445 775 1513 est
799 1449 885 1512 letale
898 1450 1057 1512 bellumin
1072 1447 1238 1532 episcopatu
1256 1453 1435 1516 Dunelniiae
1460 1453 1500 1516 ad

469 1557 559 1602 unam
577 1538 689 1602 leucam
712 1539 892 1612 decivitate,
914 1541 943 1599 in
966 1538 1043 1611 loco,
1066 1541 1120 1620 qui
1139 1541 1249 1600 dicitur
1263 1542 1366 1602 Nevils
1381 1541 1497 1618 C'rosse,

467 1625 545 1688 iuter
557 1627 669 1711 Anglos
681 1627 710 1688 a
722 1630 837 1702 Scotos,
854 1622 902 1687 sed
915 1625 961 1687 dei
976 1624 1086 1687 auxilio
1099 1627 1188 1711 Angli
1199 1629 1474 1709 triumphaverunt.

900 1713 1060 1776 Leluudus.

512 1803 611 1864 Autor
626 1801 746 1885 Eulogii
762 1803 793 1864 in
808 1801 939 1885 Prologo
953 1797 1061 1872 scribit,
1077 1795 1106 1860 se
1121 1801 1280 1862 terminum
1294 1798 1426 1863 hisloriae
1442 1804 1498 1864 im·

469 1885 593 1972 posuisse
613 1909 723 1952 anuum
746 1893 787 1954 D.
808 1893 903 1973 1362.
950 1893 1023 1952 Haec
1045 1906 1141 1950 tamen
1164 1890 1238 1950 inter
1263 1889 1318 1950 alia
1342 1888 1375 1952 iu
1392 1912 1498 1953 exem·

403 2047 405 2054 ,
472 1977 545 2062 plari
559 1974 769 2060 sequebantur.
812 1993 815 2002 ’

300 2061 451 2144 ucstqurario
515 2068 605 2128 Auno
616 2067 657 2127 D.
678 2067 772 2148 1364.
797 2067 864 2128 Rex
877 2059 1009 2126 curiosus
1027 2060 1124 2126 saslus
1143 2062 1184 2125 est
1198 2065 1274 2126 circa
1286 2060 1442 2127 castellum
1460 2065 1498 2129 de

302 2129 427 2246 ssslssssffse,
471 2150 674 2226 Windelesore
686 2153 893 2238 reputandum,
907 2154 947 2214 ita
959 2168 993 2214 ut
1005 2151 1173 2219 cementarii
1182 2149 1326 2234 Angtiaet
1338 2168 1422 2233 parte
1434 2173 1496 2215 me·

303 2260 350 2313 sor.
470 2237 584 2303 ridiana
600 2237 692 2323 usque
714 2241 752 2304 ad
767 2243 915 2304 Trentam
929 2239 983 2302 flu:
1008 2236 1124 2302 servitio
1143 2241 1220 2321 regis
1238 2238 1305 2301 sunt
1322 2241 1495 2324 mancipati,

471 2343 538 2390 turn
554 2342 674 2411 propter
688 2327 770 2392 aliud
785 2325 946 2401 castellum,
970 2326 1054 2410 quod
1068 2347 1104 2389 ne
1118 2347 1197 2388 novo
1215 2324 1385 2402 adificavit,
1409 2329 1496 2411 quod

468 2415 577 2480 dicitur
593 2416 719 2499 Shepey.
758 2414 857 2478 Distat
871 2417 989 2478 modico
1003 2415 1021 2478 a
1035 2413 1175 2477 Londou:
1190 2411 1277 2496 super
1288 2413 1459 2478 Tamesim.

318 2535 376 2602 hg.
390 2541 445 2596 35⁸·
607 2519 657 2580 Ex
671 2515 790 2602 quodam
804 2515 907 2580 Chront
922 2515 1072 2594 monaster:
1088 2508 1193 2594 christi
1204 2515 1349 2578 Cantator:

339 2635 604 2711 vindicmcaedes
618 2647 781 2715 monacho·
869 2603 1038 2692 Bledericus
1059 2611 1070 2644 ¹
1087 2602 1152 2667 dux
1173 2603 1345 2680 Coruubiae,
1372 2605 1494 2690 Marga-

788 2735 790 2742 ·
824 2690 943 2754 dusrex
956 2696 1051 2755 Deme

302 2755 369 2799 rum
385 2734 645 2799 Banchoreusrum.

347 2821 475 2885 Ethelfr:
490 2840 543 2886 rex
557 2820 758 2886 Northurnbr:

258 2928 264 2945 ·
338 2911 425 2997 'Qui
437 2908 544 2973 iterum
559 2909 779 2974 colietloexer·

303 3000 365 3063 citu
385 3016 526 3063 venerunt
547 2998 576 3061 in
598 2997 702 3065 urbem
723 3000 779 3065 Le·

302 3084 462 3173 gecestriae.

1054 2691 1113 2765 tiae,
1126 2690 1155 2753 8(
1169 2692 1341 2753 Cadwanus
1352 2694 1493 2761 Venedo·

825 2781 886 2854 tiae,
901 2780 1117 2860 vulneratoque
1132 2774 1302 2841 Ethelsrido
1314 2775 1412 2863 ipsum
1424 2796 1493 2843 cunt

824 2862 883 2929 suis
897 2863 1042 2951 instigant
1056 2868 1261 2950 propulerunt,
1274 2868 1330 2931 &c
1360 2870 1405 2930 Ut
1417 2870 1493 2932 ead-

823 2968 928 3017 wauus
942 2953 1052 3017 elesius
1067 2950 1103 3015 fit
1117 2955 1148 3015 iu
1164 2974 1265 3037 regem
1280 2955 1395 3035 Britan:

847 3042 1058 3116 ‘Rithbertua
1091 3043 1137 3105 vir
1161 3042 1292 3127 gentilis,
1319 3037 1492 3119 Edonum,

823 3150 922 3214 regem
937 3126 1224 3205 Northumbrorum‚
1246 3127 1405 3192 interfecit.

442 3280 445 3287 Α
511 3216 666 3281 Cedwallo
685 3237 738 3281 rex
759 3218 873 3281 auxilio
897 3216 1016 3291 Peudae,
1038 3218 1115 3299 regis
1139 3217 1232 3278 Mercz
1254 3219 1284 3277 S.
1300 3214 1488 3291 oswaldum,

300 3302 390 3371 uma
469 3325 568 3389 regem
585 3304 889 3369 Northauhumbr:'iu
904 3305 981 3382 loco,
1006 3319 1111 3367 vocato
1126 3306 1235 3380 Eume,
1258 3301 1408 3369 interfecit
1421 3324 1489 3369 cum

469 3393 572 3456 multis
587 3392 708 3455 milibus
730 3404 923 3456 armatorum.
1197 3435 1203 3452 .

512 3478 640 3557 Oswius,
663 3500 716 3543 rex
730 3479 991 3545 Nortliauhumbr:
1012 3474 1025 3525 l
1045 3498 1123 3541 anno
1140 3481 1190 3561 58.
1206 3478 1303 3540 aetatis
1316 3475 1388 3541 suae.

511 3568 667 3642 Keuwalk,
677 3588 729 3631 rex
739 3564 882 3631 Westsax:
894 3587 945 3651 30.
959 3588 1037 3628 anno
1047 3567 1128 3651 regni
1142 3563 1185 3629 sui
1198 3564 1357 3629 desuusius
1367 3564 1422 3643 est,
1436 3588 1487 3630 cu·

462 3657 512 3737 jus
536 3674 613 3717 uxor
628 3654 735 3717 Sousia
756 3656 923 3740 Sexburga,
947 3651 1106 3717 secundum
1121 3654 1280 3736 Anglicam
1305 3653 1486 3731 chronicam,

466 3744 597 3825 regnavit
611 3763 673 3805 uno
690 3739 753 3824 post
768 3743 852 3805 illunr
868 3763 956 3817 anuo,
977 3738 1038 3817 sed,
1053 3736 1216 3805 secuudum
1229 3742 1354 3816 Bedam,
1371 3738 1486 3805 Keusus
1551 3811 1552 3814 Ἴ

339 3833 343 3840 ’
462 3832 495 3893 a
507 3828 660 3893 Eskwinus
670 3826 819 3913 subreguli
835 3847 961 3915 regnum
971 3831 1050 3892 inter
1060 3827 1088 3893 se
1101 3824 1271 3905 diviserunt,
1287 3830 1318 3892 u
1328 3826 1397 3913 post
1407 3839 1485 3893 uior-
1551 3817 1552 3836 ¹

467 3930 528 3981 tent
543 3916 632 3981 Kensr
649 3915 802 3981 Esstwinus
818 3917 895 3981 solus
909 3918 1055 4002 regnavit.

512 4006 670 4079 liebertus,
687 4024 739 4067 rex
755 4008 943 4081 Cautiorum,
959 4023 1038 4067 nouo
1048 4000 1131 4087 regni
1146 3999 1191 4064 sui
1205 4021 1286 4065 anuo
1299 3999 1488 4085 menseJulio

288 4104 439 4179 ,Jaothrrtua
455 4092 553 4168 obiit,
572 4090 745 4157 succedente
756 4091 808 4157 sibi
823 4094 853 4154 in
863 4112 957 4176 regno
969 4089 1060 4155 fratre
1074 4088 1127 4153 suo
1141 4090 1278 4167 latuere,
1291 4091 1377 4175 quod
1389 4092 1418 4154 a
1430 4086 1486 4177 ipse

466 4200 519 4265 per
532 4198 624 4243 anuos
640 4198 745 4245 novem
762 4200 795 4243 ac
809 4180 920 4243 meuses
936 4197 1001 4245 vri.
1017 4180 1124 4245 tenuit.

496 4361 510 4393 a
528 4342 647 4393 Dextrrrri
666 4352 733 4394 erant
743 4344 792 4409 equi
802 4342 911 4407 maim
929 4342 957 4395 sa
969 4340 1117 4409 corporato,
1132 4341 1208 4409 quibes
1225 4339 1346 4392 netum
1353 4342 1485 4409 prtiffim

459 4409 483 4461 ir
494 4408 556 4461 bellis
567 4410 594 4461 (r
603 4407 696 4485 preliis.
720 4412 759 4475 Ita
772 4408 915 4475 lhsresniur.
932 4411 957 4459 A
966 4426 1020 4458 voce
1031 4410 1135 4458 nirrdrum
1145 4409 1261 4467 derum,
1272 4408 1324 4475 qulp
1340 4410 1400 4475 eqni
1408 4410 1425 4457 a*
1434 4409 1485 4459 det·

459 4476 502 4526 tris
512 4476 546 4524 ire
556 4472 596 4523 vel
605 4472 714 4534 incedere,
728 4476 755 4526 o*
768 4472 828 4524 latas
840 4474 944 4526 dextrum
955 4482 1031 4543 tegere
1033 4474 1144 4541 solebat·
1191 4474 1205 4523 l
1221 4472 1313 4524 Sabim
1330 4472 1407 4543 igere&
1418 4474 1484 4535 obiit,

462 4540 639 4597 volterranos
650 4541 690 4589 est.
1403 4600 1471 4670 cad

1471 4634 1483 4656 ι
1549 4625 1550 4650 l
