<?xml version="1.0" encoding="UTF-8"?>
<!DOCTYPE html PUBLIC "-//W3C//DTD XHTML 1.0 Transitional//EN"
    "http://www.w3.org/TR/xhtml1/DTD/xhtml1-transitional.dtd">
<html xmlns="http://www.w3.org/1999/xhtml" xml:lang="en" lang="en">
 <head>
  <title>
</title>
<meta http-equiv="Content-Type" content="text/html;charset=utf-8" />
  <meta name='ocr-system' content='tesseract 3.04.00' />
  <meta name='ocr-capabilities' content='ocr_page ocr_carea ocr_par ocr_line ocrx_word'/>
</head>
<body>
  <div class='ocr_page' id='page_1' title='image "./joannislelandia10lelagoog/joannislelandia10lelagoog_0165.png"; bbox 0 0 3392 5300; ppageno 0'>
   <div class='ocr_carea' id='block_1_1' title="bbox 241 461 1358 567">
    <p class='ocr_par' dir='ltr' id='par_1_1' title="bbox 241 461 1358 567">
     <span class='ocr_line' id='line_1_1' title="bbox 241 461 1358 567; baseline 0.013 -44"><span class='ocrx_word' id='word_1_1' title='bbox 241 537 247 553; x_wconf 49' lang='lat'>,</span> <span class='ocrx_word' id='word_1_2' title='bbox 282 462 637 547; x_wconf 51' lang='grc' dir='ltr'>ιιιιτιιιιιιιιιιι</span> <span class='ocrx_word' id='word_1_3' title='bbox 666 461 1113 535; x_wconf 77' lang='lat' dir='ltr'>-coLLneaarr-an.</span> <span class='ocrx_word' id='word_1_4' title='bbox 1286 463 1358 567; x_wconf 65' lang='lat' dir='ltr'>rog</span> 
     </span>
    </p>
   </div>
   <div class='ocr_carea' id='block_1_2' title="bbox 179 582 1278 848">
    <p class='ocr_par' dir='ltr' id='par_1_2' title="bbox 179 582 1278 848">
     <span class='ocr_line' id='line_1_2' title="bbox 229 582 1243 671; baseline 0.004 -24"><span class='ocrx_word' id='word_1_5' title='bbox 229 582 425 650; x_wconf 84' lang='lat' dir='ltr'>Constantius</span> <span class='ocrx_word' id='word_1_6' title='bbox 453 588 503 650; x_wconf 83' lang='lat'>16.</span> <span class='ocrx_word' id='word_1_7' title='bbox 527 588 644 669; x_wconf 87' lang='lat' dir='ltr'>imperii</span> <span class='ocrx_word' id='word_1_8' title='bbox 666 607 753 662; x_wconf 90' lang='lat' dir='ltr'>anno,</span> <span class='ocrx_word' id='word_1_9' title='bbox 776 582 906 656; x_wconf 64' lang='lat' dir='ltr'>&#39;summae</span> <span class='ocrx_word' id='word_1_10' title='bbox 927 588 1159 663; x_wconf 81' lang='lat' dir='ltr'>mansuetndinis</span> <span class='ocrx_word' id='word_1_11' title='bbox 1185 592 1216 664; x_wconf 69' lang='lat' dir='ltr'>dc</span> <span class='ocrx_word' id='word_1_12' title='bbox 1239 660 1243 671; x_wconf 45' lang='grc'>,</span> 
     </span>
     <span class='ocr_line' id='line_1_3' title="bbox 179 671 972 756; baseline 0.008 -21"><span class='ocrx_word' id='word_1_13' title='bbox 179 672 339 756; x_wconf 75' lang='lat' dir='ltr'>civilitatis</span> <span class='ocrx_word' id='word_1_14' title='bbox 355 676 410 750; x_wconf 90' lang='lat' dir='ltr'>vir,</span> <span class='ocrx_word' id='word_1_15' title='bbox 432 675 463 735; x_wconf 90' lang='lat' dir='ltr'>in</span> <span class='ocrx_word' id='word_1_16' title='bbox 477 677 630 737; x_wconf 85' lang='lat' dir='ltr'>Britannia</span> <span class='ocrx_word' id='word_1_17' title='bbox 649 676 729 739; x_wconf 92' lang='lat' dir='ltr'>diem</span> <span class='ocrx_word' id='word_1_18' title='bbox 743 671 819 738; x_wconf 89' lang='lat' dir='ltr'>obiit</span> <span class='ocrx_word' id='word_1_19' title='bbox 834 678 972 741; x_wconf 84' lang='lat' dir='ltr'><strong>Eboraci.</strong></span> 
     </span>
     <span class='ocr_line' id='line_1_4' title="bbox 227 760 1278 848; baseline 0.003 -23"><span class='ocrx_word' id='word_1_20' title='bbox 227 762 388 825; x_wconf 83' lang='lat' dir='ltr'>Maximus</span> <span class='ocrx_word' id='word_1_21' title='bbox 413 763 469 841; x_wconf 88' lang='lat' dir='ltr'>(vir</span> <span class='ocrx_word' id='word_1_22' title='bbox 483 764 606 847; x_wconf 88' lang='lat' dir='ltr'>quidem</span> <span class='ocrx_word' id='word_1_23' title='bbox 628 760 765 825; x_wconf 89' lang='lat' dir='ltr'>strenuus</span> <span class='ocrx_word' id='word_1_24' title='bbox 780 765 810 825; x_wconf 71' lang='grc' dir='ltr'>ἃ</span> <span class='ocrx_word' id='word_1_25' title='bbox 823 766 948 846; x_wconf 86' lang='lat' dir='ltr'>probus,</span> <span class='ocrx_word' id='word_1_26' title='bbox 972 780 1060 847; x_wconf 89' lang='lat' dir='ltr'>atque</span> <span class='ocrx_word' id='word_1_27' title='bbox 1076 766 1214 848; x_wconf 86' lang='lat' dir='ltr'>Augusto</span> <span class='ocrx_word' id='word_1_28' title='bbox 1276 816 1278 821; x_wconf 86' lang='lat'><em>.</em></span> 
     </span>
    </p>
   </div>
   <div class='ocr_carea' id='block_1_3' title="bbox 178 848 1349 1283">
    <p class='ocr_par' dir='ltr' id='par_1_3' title="bbox 179 848 1213 934">
     <span class='ocr_line' id='line_1_5' title="bbox 179 848 1213 934; baseline 0.007 -24.014"><span class='ocrx_word' id='word_1_29' title='bbox 179 848 311 932; x_wconf 89' lang='lat' dir='ltr'>dignus,</span> <span class='ocrx_word' id='word_1_30' title='bbox 337 849 402 925; x_wconf 90' lang='lat' dir='ltr'>nisr,</span> <span class='ocrx_word' id='word_1_31' title='bbox 423 867 527 923; x_wconf 78' lang='lat' dir='ltr'>contra</span> <span class='ocrx_word' id='word_1_32' title='bbox 540 848 713 913; x_wconf 84' lang='lat' dir='ltr'>sacramenti</span> <span class='ocrx_word' id='word_1_33' title='bbox 726 850 827 926; x_wconf 88' lang='lat' dir='ltr'>fidem,</span> <span class='ocrx_word' id='word_1_34' title='bbox 852 875 903 934; x_wconf 90' lang='lat' dir='ltr'>per</span> <span class='ocrx_word' id='word_1_35' title='bbox 918 870 1034 932; x_wconf 83' lang='lat' dir='ltr'><strong>tyrann</strong></span> <span class='ocrx_word' id='word_1_36' title='bbox 1028 854 1103 914; x_wconf 78' lang='lat' dir='ltr'>uem</span> <span class='ocrx_word' id='word_1_37' title='bbox 1120 876 1213 917; x_wconf 87' lang='lat' dir='ltr'>emer-</span> 
     </span>
    </p>

    <p class='ocr_par' dir='ltr' id='par_1_4' title="bbox 179 936 1213 1045">
     <span class='ocr_line' id='line_1_6' title="bbox 179 936 1213 1045; baseline 0.003 -45"><span class='ocrx_word' id='word_1_38' title='bbox 179 936 296 1000; x_wconf 87' lang='lat' dir='ltr'>srsset</span> <span class='ocrx_word' id='word_1_39' title='bbox 287 958 319 998; x_wconf 89' lang='grc' dir='ltr'>ιιι</span> <span class='ocrx_word' id='word_1_40' title='bbox 334 937 563 1039; x_wconf 81' lang='lat' dir='ltr'>Britanniam)</span> <span class='ocrx_word' id='word_1_41' title='bbox 555 942 667 1000; x_wconf 87' lang='lat' dir='ltr'>mvitus</span> <span class='ocrx_word' id='word_1_42' title='bbox 683 939 903 1026; x_wconf 80' lang='lat' dir='ltr'>propemodum</span> <span class='ocrx_word' id='word_1_43' title='bbox 922 942 959 1001; x_wconf 91' lang='lat' dir='ltr'>ab</span> <span class='ocrx_word' id='word_1_44' title='bbox 973 945 1113 1003; x_wconf 83' lang='lat' dir='ltr'>exercitu</span> <span class='ocrx_word' id='word_1_45' title='bbox 1121 944 1213 1045; x_wconf 90' lang='lat' dir='ltr'>impe-</span> 
     </span>
    </p>

    <p class='ocr_par' dir='ltr' id='par_1_5' title="bbox 178 1024 1349 1283">
     <span class='ocr_line' id='line_1_7' title="bbox 178 1024 1349 1108; baseline 0.003 -21"><span class='ocrx_word' id='word_1_46' title='bbox 178 1041 269 1087; x_wconf 86' lang='lat' dir='ltr'>rator</span> <span class='ocrx_word' id='word_1_47' title='bbox 284 1040 402 1088; x_wconf 85' lang='lat' dir='ltr'>creatus</span> <span class='ocrx_word' id='word_1_48' title='bbox 416 1048 446 1085; x_wconf 92' lang='lat' dir='ltr'>m</span> <span class='ocrx_word' id='word_1_49' title='bbox 461 1024 702 1088; x_wconf 86' lang='lat' dir='ltr'>Galhamtrans</span> <span class='ocrx_word' id='word_1_50' title='bbox 695 1044 727 1100; x_wconf 88' lang='lat' dir='ltr'>rt</span> <span class='ocrx_word' id='word_1_51' title='bbox 752 1028 854 1108; x_wconf 85' lang='lat' dir='ltr'>rbrque</span> <span class='ocrx_word' id='word_1_52' title='bbox 865 1030 1053 1101; x_wconf 79' lang='lat' dir='ltr'>Gratianum</span> <span class='ocrx_word' id='word_1_53' title='bbox 1070 1028 1181 1091; x_wconf 89' lang='lat' dir='ltr'>dolrs</span> <span class='ocrx_word' id='word_1_54' title='bbox 1157 1050 1213 1091; x_wconf 86' lang='lat' dir='ltr'>err·</span> <span class='ocrx_word' id='word_1_55' title='bbox 1278 1024 1281 1029; x_wconf 60' lang='grc'>’</span> <span class='ocrx_word' id='word_1_56' title='bbox 1346 1092 1349 1103; x_wconf 56' lang='grc'><strong><em>,</em></strong></span> 
     </span>
     <span class='ocr_line' id='line_1_8' title="bbox 179 1112 1213 1212; baseline 0.005 -38"><span class='ocrx_word' id='word_1_57' title='bbox 179 1129 394 1212; x_wconf 86' lang='lat' dir='ltr'>cumventum,</span> <span class='ocrx_word' id='word_1_58' title='bbox 409 1114 490 1195; x_wconf 88' lang='lat' dir='ltr'>apud</span> <span class='ocrx_word' id='word_1_59' title='bbox 507 1114 694 1197; x_wconf 86' lang='lat' dir='ltr'>Lugdunum</span> <span class='ocrx_word' id='word_1_60' title='bbox 705 1114 824 1191; x_wconf 87' lang='lat' dir='ltr'>occidit,</span> <span class='ocrx_word' id='word_1_61' title='bbox 838 1112 1054 1199; x_wconf 83' lang='lat' dir='ltr'>fratremqueej</span> <span class='ocrx_word' id='word_1_62' title='bbox 1059 1138 1092 1179; x_wconf 89' lang='lat' dir='ltr'>us</span> <span class='ocrx_word' id='word_1_63' title='bbox 1106 1118 1213 1180; x_wconf 83' lang='lat' dir='ltr'>Valen-</span> 
     </span>
     <span class='ocr_line' id='line_1_9' title="bbox 180 1199 573 1283; baseline 0.008 -22"><span class='ocrx_word' id='word_1_64' title='bbox 180 1199 335 1264; x_wconf 90' lang='lat' dir='ltr'>tinianum</span> <span class='ocrx_word' id='word_1_65' title='bbox 350 1200 434 1263; x_wconf 85' lang='lat' dir='ltr'>Italia</span> <span class='ocrx_word' id='word_1_66' title='bbox 448 1202 573 1283; x_wconf 81' lang='lat' dir='ltr'>expulit.</span> 
     </span>
    </p>
   </div>
   <div class='ocr_carea' id='block_1_4' title="bbox 597 1306 802 1391">
    <p class='ocr_par' dir='ltr' id='par_1_6' title="bbox 597 1306 802 1391">
     <span class='ocr_line' id='line_1_10' title="bbox 597 1306 802 1391; baseline 0.029 -24"><span class='ocrx_word' id='word_1_67' title='bbox 597 1308 633 1370; x_wconf 85' lang='lat' dir='ltr'>In</span> <span class='ocrx_word' id='word_1_68' title='bbox 653 1306 802 1391; x_wconf 81' lang='lat' dir='ltr'>Theodofio.</span> 
     </span>
    </p>
   </div>
   <div class='ocr_carea' id='block_1_5' title="bbox 177 1407 1222 1933">
    <p class='ocr_par' dir='ltr' id='par_1_7' title="bbox 177 1407 1222 1933">
     <span class='ocr_line' id='line_1_11' title="bbox 226 1407 1222 1493; baseline 0.006 -24"><span class='ocrx_word' id='word_1_69' title='bbox 226 1408 297 1493; x_wconf 86' lang='lat' dir='ltr'>Qui</span> <span class='ocrx_word' id='word_1_70' title='bbox 315 1422 330 1454; x_wconf 75' lang='lat'><em>0</em></span> <span class='ocrx_word' id='word_1_71' title='bbox 347 1407 489 1490; x_wconf 87' lang='lat' dir='ltr'>quoniam</span> <span class='ocrx_word' id='word_1_72' title='bbox 505 1408 689 1473; x_wconf 82' lang='lat' dir='ltr'>Britanniam</span> <span class='ocrx_word' id='word_1_73' title='bbox 704 1412 787 1471; x_wconf 89' lang='lat' dir='ltr'>omni</span> <span class='ocrx_word' id='word_1_74' title='bbox 810 1429 882 1490; x_wconf 90' lang='lat' dir='ltr'>pene</span> <span class='ocrx_word' id='word_1_75' title='bbox 896 1426 1009 1473; x_wconf 83' lang='lat' dir='ltr'>armata</span> <span class='ocrx_word' id='word_1_76' title='bbox 1030 1409 1222 1492; x_wconf 55' lang='lat' dir='ltr'>&amp;juventure</span> 
     </span>
     <span class='ocr_line' id='line_1_12' title="bbox 177 1494 1211 1579; baseline 0.003 -20"><span class='ocrx_word' id='word_1_77' title='bbox 177 1494 375 1579; x_wconf 80' lang='lat' dir='ltr'>spoliaverat,</span> <span class='ocrx_word' id='word_1_78' title='bbox 385 1518 456 1579; x_wconf 88' lang='lat' dir='ltr'>quae</span> <span class='ocrx_word' id='word_1_79' title='bbox 465 1498 630 1577; x_wconf 81' lang='lat' dir='ltr'>tyrannidis</span> <span class='ocrx_word' id='word_1_80' title='bbox 641 1498 705 1576; x_wconf 88' lang='lat' dir='ltr'>ejus</span> <span class='ocrx_word' id='word_1_81' title='bbox 715 1495 836 1578; x_wconf 83' lang='lat' dir='ltr'>vestigia</span> <span class='ocrx_word' id='word_1_82' title='bbox 845 1495 944 1559; x_wconf 89' lang='lat' dir='ltr'>secuta</span> <span class='ocrx_word' id='word_1_83' title='bbox 956 1500 986 1559; x_wconf 90' lang='lat' dir='ltr'>in</span> <span class='ocrx_word' id='word_1_84' title='bbox 996 1500 1117 1573; x_wconf 86' lang='lat' dir='ltr'>Gallias,</span> <span class='ocrx_word' id='word_1_85' title='bbox 1136 1521 1211 1562; x_wconf 92' lang='lat' dir='ltr'>nun·</span> 
     </span>
     <span class='ocr_line' id='line_1_13' title="bbox 178 1581 1213 1669; baseline 0.002 -22"><span class='ocrx_word' id='word_1_86' title='bbox 178 1606 283 1669; x_wconf 87' lang='lat' dir='ltr'>quam</span> <span class='ocrx_word' id='word_1_87' title='bbox 305 1586 385 1648; x_wconf 85' lang='lat' dir='ltr'>ultra</span> <span class='ocrx_word' id='word_1_88' title='bbox 410 1583 534 1647; x_wconf 92' lang='lat' dir='ltr'>domum</span> <span class='ocrx_word' id='word_1_89' title='bbox 554 1585 678 1647; x_wconf 87' lang='lat' dir='ltr'>rediere.</span> <span class='ocrx_word' id='word_1_90' title='bbox 724 1584 866 1647; x_wconf 85' lang='lat' dir='ltr'>Videntes</span> <span class='ocrx_word' id='word_1_91' title='bbox 887 1581 1087 1647; x_wconf 84' lang='lat' dir='ltr'>transmarinae</span> <span class='ocrx_word' id='word_1_92' title='bbox 1110 1604 1213 1669; x_wconf 84' lang='lat' dir='ltr'>gentes</span> 
     </span>
     <span class='ocr_line' id='line_1_14' title="bbox 180 1671 1212 1755; baseline 0.004 -21"><span class='ocrx_word' id='word_1_93' title='bbox 180 1671 289 1735; x_wconf 85' lang='lat' dir='ltr'>saeviss:</span> <span class='ocrx_word' id='word_1_94' title='bbox 308 1672 495 1734; x_wconf 87' lang='lat' dir='ltr'>Scotorum</span> <span class='ocrx_word' id='word_1_95' title='bbox 480 1695 499 1734; x_wconf 89' lang='lat' dir='ltr'>a</span> <span class='ocrx_word' id='word_1_96' title='bbox 513 1674 622 1747; x_wconf 74' lang='lat' dir='ltr'>cneio,</span> <span class='ocrx_word' id='word_1_97' title='bbox 647 1671 799 1735; x_wconf 70' lang='lat' dir='ltr'>Pistorum</span> <span class='ocrx_word' id='word_1_98' title='bbox 812 1674 851 1736; x_wconf 85' lang='lat' dir='ltr'>ab</span> <span class='ocrx_word' id='word_1_99' title='bbox 865 1673 1023 1755; x_wconf 87' lang='lat' dir='ltr'>Aquilone,</span> <span class='ocrx_word' id='word_1_100' title='bbox 1043 1673 1212 1747; x_wconf 83' lang='lat' dir='ltr'>destitutam</span> 
     </span>
     <span class='ocr_line' id='line_1_15' title="bbox 179 1756 1211 1845; baseline 0.004 -23"><span class='ocrx_word' id='word_1_101' title='bbox 179 1760 282 1823; x_wconf 90' lang='lat' dir='ltr'>milite</span> <span class='ocrx_word' id='word_1_102' title='bbox 296 1780 331 1821; x_wconf 88' lang='lat' dir='ltr'>ac</span> <span class='ocrx_word' id='word_1_103' title='bbox 348 1756 500 1823; x_wconf 85' lang='lat' dir='ltr'>defensore</span> <span class='ocrx_word' id='word_1_104' title='bbox 513 1756 640 1826; x_wconf 86' lang='lat' dir='ltr'>insulam</span> <span class='ocrx_word' id='word_1_105' title='bbox 654 1760 826 1833; x_wconf 87' lang='lat' dir='ltr'>adveniunt,</span> <span class='ocrx_word' id='word_1_106' title='bbox 852 1760 881 1823; x_wconf 71' lang='lat'>8&lt;</span> <span class='ocrx_word' id='word_1_107' title='bbox 896 1760 1033 1824; x_wconf 85' lang='lat' dir='ltr'>vastatam</span> <span class='ocrx_word' id='word_1_108' title='bbox 1048 1762 1211 1845; x_wconf 84' lang='lat' dir='ltr'>direptam·</span> 
     </span>
     <span class='ocr_line' id='line_1_16' title="bbox 179 1841 837 1933; baseline -0.003 -22"><span class='ocrx_word' id='word_1_109' title='bbox 179 1868 246 1933; x_wconf 87' lang='lat' dir='ltr'>que</span> <span class='ocrx_word' id='word_1_110' title='bbox 260 1868 329 1911; x_wconf 88' lang='lat' dir='ltr'>eam</span> <span class='ocrx_word' id='word_1_111' title='bbox 344 1847 457 1910; x_wconf 85' lang='lat' dir='ltr'>multos</span> <span class='ocrx_word' id='word_1_112' title='bbox 471 1869 524 1931; x_wconf 90' lang='lat' dir='ltr'>per</span> <span class='ocrx_word' id='word_1_113' title='bbox 538 1868 631 1911; x_wconf 83' lang='lat' dir='ltr'>annos</span> <span class='ocrx_word' id='word_1_114' title='bbox 650 1841 837 1931; x_wconf 74' lang='lat' dir='ltr'>opprimunt</span> 
     </span>
    </p>
   </div>
   <div class='ocr_carea' id='block_1_6' title="bbox 179 1952 1359 4423">
    <p class='ocr_par' dir='ltr' id='par_1_8' title="bbox 551 1952 852 2035">
     <span class='ocr_line' id='line_1_17' title="bbox 551 1952 852 2035; baseline -0.003 -21"><span class='ocrx_word' id='word_1_115' title='bbox 551 1955 705 2035; x_wconf 88' lang='lat' dir='ltr'>Tempore</span> <span class='ocrx_word' id='word_1_116' title='bbox 719 1952 852 2015; x_wconf 85' lang='lat' dir='ltr'>Arcadii</span> 
     </span>
    </p>

    <p class='ocr_par' dir='ltr' id='par_1_9' title="bbox 225 2036 858 2123">
     <span class='ocr_line' id='line_1_18' title="bbox 225 2036 858 2123; baseline 0 -20"><span class='ocrx_word' id='word_1_117' title='bbox 225 2037 367 2122; x_wconf 75' lang='lat' dir='ltr'>Pelagius</span> <span class='ocrx_word' id='word_1_118' title='bbox 381 2038 466 2101; x_wconf 86' lang='lat' dir='ltr'>Brito</span> <span class='ocrx_word' id='word_1_119' title='bbox 479 2036 529 2101; x_wconf 89' lang='lat' dir='ltr'>dei</span> <span class='ocrx_word' id='word_1_120' title='bbox 546 2042 675 2123; x_wconf 85' lang='lat' dir='ltr'>gratiam</span> <span class='ocrx_word' id='word_1_121' title='bbox 688 2039 858 2123; x_wconf 78' lang='lat' dir='ltr'>impugnat.</span> 
     </span>
    </p>

    <p class='ocr_par' dir='ltr' id='par_1_10' title="bbox 357 2139 1042 2223">
     <span class='ocr_line' id='line_1_19' title="bbox 357 2139 1042 2223; baseline 0.004 -21"><span class='ocrx_word' id='word_1_122' title='bbox 357 2142 510 2223; x_wconf 89' lang='lat' dir='ltr'>Tempore</span> <span class='ocrx_word' id='word_1_123' title='bbox 526 2142 650 2203; x_wconf 92' lang='lat' dir='ltr'>Honorii</span> <span class='ocrx_word' id='word_1_124' title='bbox 672 2143 702 2202; x_wconf 83' lang='lat' dir='ltr'>8t</span> <span class='ocrx_word' id='word_1_125' title='bbox 720 2140 887 2205; x_wconf 75' lang='lat' dir='ltr'>Theodosi</span> <span class='ocrx_word' id='word_1_126' title='bbox 905 2139 1042 2207; x_wconf 87' lang='lat' dir='ltr'>Minoris</span> 
     </span>
    </p>

    <p class='ocr_par' dir='ltr' id='par_1_11' title="bbox 181 2225 1359 3718">
     <span class='ocr_line' id='line_1_20' title="bbox 227 2225 1267 2311; baseline 0.003 -21"><span class='ocrx_word' id='word_1_127' title='bbox 227 2228 374 2302; x_wconf 87' lang='lat' dir='ltr'>Britanni,</span> <span class='ocrx_word' id='word_1_128' title='bbox 399 2232 570 2291; x_wconf 88' lang='lat' dir='ltr'>Scottorum</span> <span class='ocrx_word' id='word_1_129' title='bbox 589 2228 811 2311; x_wconf 76' lang='lat' dir='ltr'>Pidiorumque</span> <span class='ocrx_word' id='word_1_130' title='bbox 839 2225 1053 2291; x_wconf 81' lang='lat' dir='ltr'>infestationem</span> <span class='ocrx_word' id='word_1_131' title='bbox 1080 2250 1139 2291; x_wconf 89' lang='lat' dir='ltr'>non</span> <span class='ocrx_word' id='word_1_132' title='bbox 1165 2227 1208 2293; x_wconf 86' lang='lat' dir='ltr'>se·</span> <span class='ocrx_word' id='word_1_133' title='bbox 1265 2284 1267 2293; x_wconf 81' lang='grc'>,</span> 
     </span>
     <span class='ocr_line' id='line_1_21' title="bbox 179 2313 1269 2397; baseline -0.002 -15.996"><span class='ocrx_word' id='word_1_134' title='bbox 179 2332 297 2391; x_wconf 78' lang='lat' dir='ltr'>tentes,</span> <span class='ocrx_word' id='word_1_135' title='bbox 320 2318 379 2379; x_wconf 88' lang='lat' dir='ltr'>Ro.</span> <span class='ocrx_word' id='word_1_136' title='bbox 395 2318 530 2391; x_wconf 91' lang='lat' dir='ltr'>mittunt,</span> <span class='ocrx_word' id='word_1_137' title='bbox 547 2318 586 2391; x_wconf 76' lang='lat' dir='ltr'>St,</span> <span class='ocrx_word' id='word_1_138' title='bbox 603 2313 646 2377; x_wconf 86' lang='lat' dir='ltr'>sui</span> <span class='ocrx_word' id='word_1_139' title='bbox 664 2314 848 2396; x_wconf 76' lang='lat' dir='ltr'>subjedlione</span> <span class='ocrx_word' id='word_1_140' title='bbox 870 2318 1013 2397; x_wconf 89' lang='lat' dir='ltr'>promissa,</span> <span class='ocrx_word' id='word_1_141' title='bbox 1037 2336 1107 2379; x_wconf 88' lang='lat' dir='ltr'>conr</span> <span class='ocrx_word' id='word_1_142' title='bbox 1111 2318 1210 2379; x_wconf 86' lang='lat' dir='ltr'>raho·</span> <span class='ocrx_word' id='word_1_143' title='bbox 1267 2350 1269 2356; x_wconf 87' lang='lat'><em>·</em></span> 
     </span>
     <span class='ocr_line' id='line_1_22' title="bbox 182 2340 1210 2488; baseline -0.001 -21"><span class='ocrx_word' id='word_1_144' title='bbox 182 2403 262 2467; x_wconf 83' lang='lat' dir='ltr'>stem</span> <span class='ocrx_word' id='word_1_145' title='bbox 276 2406 392 2466; x_wconf 84' lang='lat' dir='ltr'>auxilia</span> <span class='ocrx_word' id='word_1_146' title='bbox 399 2404 559 2487; x_wconf 86' lang='lat' dir='ltr'>flagitant,</span> <span class='ocrx_word' id='word_1_147' title='bbox 570 2405 681 2487; x_wconf 87' lang='lat' dir='ltr'>quibus</span> <span class='ocrx_word' id='word_1_148' title='bbox 693 2340 791 2467; x_wconf 72' lang='lat' dir='ltr'>stitim</span> <span class='ocrx_word' id='word_1_149' title='bbox 805 2405 887 2467; x_wconf 75' lang='lat' dir='ltr'>missa</span> <span class='ocrx_word' id='word_1_150' title='bbox 900 2405 978 2486; x_wconf 87' lang='lat' dir='ltr'>legio</span> <span class='ocrx_word' id='word_1_151' title='bbox 993 2424 1128 2488; x_wconf 86' lang='lat' dir='ltr'>magnam</span> <span class='ocrx_word' id='word_1_152' title='bbox 1141 2405 1210 2467; x_wconf 87' lang='lat' dir='ltr'>bar·</span> 
     </span>
     <span class='ocr_line' id='line_1_23' title="bbox 183 2490 1209 2574; baseline 0.001 -21"><span class='ocrx_word' id='word_1_153' title='bbox 183 2492 329 2554; x_wconf 83' lang='lat' dir='ltr'>batorum</span> <span class='ocrx_word' id='word_1_154' title='bbox 345 2492 570 2553; x_wconf 89' lang='lat' dir='ltr'>multitudinem</span> <span class='ocrx_word' id='word_1_155' title='bbox 585 2490 694 2565; x_wconf 83' lang='lat' dir='ltr'>sternit,</span> <span class='ocrx_word' id='word_1_156' title='bbox 717 2492 830 2553; x_wconf 81' lang='lat' dir='ltr'>ceteros</span> <span class='ocrx_word' id='word_1_157' title='bbox 848 2491 1007 2553; x_wconf 88' lang='lat' dir='ltr'>Britanniae</span> <span class='ocrx_word' id='word_1_158' title='bbox 1022 2492 1061 2553; x_wconf 87' lang='lat' dir='ltr'>fin</span> <span class='ocrx_word' id='word_1_159' title='bbox 1067 2496 1131 2554; x_wconf 85' lang='lat' dir='ltr'>ibus</span> <span class='ocrx_word' id='word_1_160' title='bbox 1147 2493 1209 2574; x_wconf 88' lang='lat' dir='ltr'>pel·</span> 
     </span>
     <span class='ocr_line' id='line_1_24' title="bbox 184 2577 1211 2665; baseline 0.001 -25"><span class='ocrx_word' id='word_1_161' title='bbox 184 2580 233 2655; x_wconf 90' lang='lat' dir='ltr'>lit,</span> <span class='ocrx_word' id='word_1_162' title='bbox 257 2599 293 2641; x_wconf 89' lang='lat' dir='ltr'>ac</span> <span class='ocrx_word' id='word_1_163' title='bbox 308 2579 437 2641; x_wconf 90' lang='lat' dir='ltr'>domum</span> <span class='ocrx_word' id='word_1_164' title='bbox 459 2579 607 2642; x_wconf 82' lang='lat' dir='ltr'>reversura</span> <span class='ocrx_word' id='word_1_165' title='bbox 625 2582 761 2665; x_wconf 79' lang='lat' dir='ltr'>pracepit</span> <span class='ocrx_word' id='word_1_166' title='bbox 784 2577 868 2642; x_wconf 89' lang='lat' dir='ltr'>sociis</span> <span class='ocrx_word' id='word_1_167' title='bbox 889 2580 927 2640; x_wconf 89' lang='lat' dir='ltr'>ad</span> <span class='ocrx_word' id='word_1_168' title='bbox 950 2582 1089 2641; x_wconf 84' lang='lat' dir='ltr'>arcendos</span> <span class='ocrx_word' id='word_1_169' title='bbox 1113 2581 1211 2642; x_wconf 74' lang='lat' dir='ltr'>helles</span> 
     </span>
     <span class='ocr_line' id='line_1_25' title="bbox 183 2666 1210 2752; baseline 0.001 -23"><span class='ocrx_word' id='word_1_170' title='bbox 183 2688 308 2730; x_wconf 90' lang='lat' dir='ltr'>murum</span> <span class='ocrx_word' id='word_1_171' title='bbox 333 2683 411 2729; x_wconf 85' lang='lat' dir='ltr'>trans</span> <span class='ocrx_word' id='word_1_172' title='bbox 426 2667 580 2731; x_wconf 87' lang='lat' dir='ltr'>insulam</span> <span class='ocrx_word' id='word_1_173' title='bbox 573 2688 651 2733; x_wconf 86' lang='lat' dir='ltr'>mter</span> <span class='ocrx_word' id='word_1_174' title='bbox 674 2671 736 2731; x_wconf 91' lang='lat' dir='ltr'>duo</span> <span class='ocrx_word' id='word_1_175' title='bbox 750 2671 840 2730; x_wconf 88' lang='lat' dir='ltr'>maria</span> <span class='ocrx_word' id='word_1_176' title='bbox 861 2667 998 2742; x_wconf 86' lang='lat' dir='ltr'>statuere,</span> <span class='ocrx_word' id='word_1_177' title='bbox 1022 2672 1074 2752; x_wconf 88' lang='lat' dir='ltr'>qui</span> <span class='ocrx_word' id='word_1_178' title='bbox 1100 2666 1210 2751; x_wconf 88' lang='lat' dir='ltr'>absque</span> 
     </span>
     <span class='ocr_line' id='line_1_26' title="bbox 183 2754 1210 2842; baseline 0.003 -26"><span class='ocrx_word' id='word_1_179' title='bbox 183 2756 299 2819; x_wconf 80' lang='lat' dir='ltr'>artifice</span> <span class='ocrx_word' id='word_1_180' title='bbox 314 2755 453 2840; x_wconf 83' lang='lat' dir='ltr'>magistro</span> <span class='ocrx_word' id='word_1_181' title='bbox 466 2760 562 2842; x_wconf 87' lang='lat' dir='ltr'>magis</span> <span class='ocrx_word' id='word_1_182' title='bbox 575 2754 680 2840; x_wconf 79' lang='lat' dir='ltr'>cespite</span> <span class='ocrx_word' id='word_1_183' title='bbox 694 2777 784 2842; x_wconf 88' lang='lat' dir='ltr'>quam</span> <span class='ocrx_word' id='word_1_184' title='bbox 798 2754 897 2840; x_wconf 86' lang='lat' dir='ltr'>lapide</span> <span class='ocrx_word' id='word_1_185' title='bbox 917 2756 1012 2818; x_wconf 69' lang='lat' dir='ltr'>sactus</span> <span class='ocrx_word' id='word_1_186' title='bbox 1027 2758 1067 2818; x_wconf 87' lang='lat' dir='ltr'>nil</span> <span class='ocrx_word' id='word_1_187' title='bbox 1086 2779 1210 2838; x_wconf 85' lang='lat' dir='ltr'>operan-</span> 
     </span>
     <span class='ocr_line' id='line_1_27' title="bbox 183 2841 1359 2937; baseline 0 -31"><span class='ocrx_word' id='word_1_188' title='bbox 183 2845 266 2907; x_wconf 85' lang='lat' dir='ltr'>tibus</span> <span class='ocrx_word' id='word_1_189' title='bbox 281 2841 417 2927; x_wconf 86' lang='lat' dir='ltr'>profuit</span> <span class='ocrx_word' id='word_1_190' title='bbox 448 2849 530 2908; x_wconf 89' lang='lat' dir='ltr'>Nam</span> <span class='ocrx_word' id='word_1_191' title='bbox 543 2865 614 2910; x_wconf 85' lang='lat' dir='ltr'>mox</span> <span class='ocrx_word' id='word_1_192' title='bbox 630 2861 664 2908; x_wconf 90' lang='lat' dir='ltr'>ut</span> <span class='ocrx_word' id='word_1_193' title='bbox 679 2843 826 2907; x_wconf 83' lang='lat' dir='ltr'>drscessere</span> <span class='ocrx_word' id='word_1_194' title='bbox 840 2847 977 2918; x_wconf 87' lang='lat' dir='ltr'>Romam</span> <span class='ocrx_word' id='word_1_195' title='bbox 1002 2845 1142 2906; x_wconf 65' lang='lat' dir='ltr'>adredus</span> <span class='ocrx_word' id='word_1_196' title='bbox 1157 2867 1208 2913; x_wconf 83' lang='grc' dir='ltr'>ιιι</span> <span class='ocrx_word' id='word_1_197' title='bbox 1231 2869 1289 2937; x_wconf 71' lang='lat' dir='ltr'>mg</span> <span class='ocrx_word' id='word_1_198' title='bbox 1268 2869 1359 2936; x_wconf 60' lang='lat'>14⁸3</span> 
     </span>
     <span class='ocr_line' id='line_1_28' title="bbox 184 2930 1210 3036; baseline 0.003 -43"><span class='ocrx_word' id='word_1_199' title='bbox 184 2932 274 2996; x_wconf 83' lang='lat' dir='ltr'>vibus</span> <span class='ocrx_word' id='word_1_200' title='bbox 287 2935 368 3015; x_wconf 88' lang='lat' dir='ltr'>prior</span> <span class='ocrx_word' id='word_1_201' title='bbox 382 2930 482 3006; x_wconf 84' lang='lat' dir='ltr'>hostis,</span> <span class='ocrx_word' id='word_1_202' title='bbox 506 2933 589 3016; x_wconf 79' lang='lat' dir='ltr'>quasi</span> <span class='ocrx_word' id='word_1_203' title='bbox 603 2947 754 2995; x_wconf 87' lang='lat' dir='ltr'>maturam</span> <span class='ocrx_word' id='word_1_204' title='bbox 768 2931 893 3036; x_wconf 87' lang='lat' dir='ltr'>segetem</span> <span class='ocrx_word' id='word_1_205' title='bbox 908 2934 995 2994; x_wconf 81' lang='lat' dir='ltr'>obvia</span> <span class='ocrx_word' id='word_1_206' title='bbox 1010 2953 1138 3014; x_wconf 85' lang='lat' dir='ltr'>quaeqne</span> <span class='ocrx_word' id='word_1_207' title='bbox 1154 2933 1210 2996; x_wconf 88' lang='lat' dir='ltr'>srbi</span> 
     </span>
     <span class='ocr_line' id='line_1_29' title="bbox 185 3021 1210 3102; baseline 0.001 -21"><span class='ocrx_word' id='word_1_208' title='bbox 185 3021 285 3100; x_wconf 87' lang='lat' dir='ltr'>caedit,</span> <span class='ocrx_word' id='word_1_209' title='bbox 309 3022 413 3093; x_wconf 88' lang='lat' dir='ltr'>calcat,</span> <span class='ocrx_word' id='word_1_210' title='bbox 438 3021 570 3084; x_wconf 88' lang='lat' dir='ltr'>devorat</span> <span class='ocrx_word' id='word_1_211' title='bbox 614 3023 727 3083; x_wconf 88' lang='lat' dir='ltr'>Iterum</span> <span class='ocrx_word' id='word_1_212' title='bbox 744 3023 828 3102; x_wconf 88' lang='lat' dir='ltr'>petiti</span> <span class='ocrx_word' id='word_1_213' title='bbox 843 3021 1097 3082; x_wconf 80' lang='lat' dir='ltr'>auxiliaRomani</span> <span class='ocrx_word' id='word_1_214' title='bbox 1119 3021 1210 3082; x_wconf 88' lang='lat' dir='ltr'>advo·</span> 
     </span>
     <span class='ocr_line' id='line_1_30' title="bbox 184 3106 1210 3196; baseline 0.002 -27"><span class='ocrx_word' id='word_1_215' title='bbox 184 3107 258 3183; x_wconf 88' lang='lat' dir='ltr'>lant,</span> <span class='ocrx_word' id='word_1_216' title='bbox 284 3106 437 3171; x_wconf 84' lang='lat' dir='ltr'>&amp;caesum</span> <span class='ocrx_word' id='word_1_217' title='bbox 448 3106 655 3171; x_wconf 86' lang='lat' dir='ltr'>hostemtrans</span> <span class='ocrx_word' id='word_1_218' title='bbox 672 3107 891 3196; x_wconf 82' lang='lat' dir='ltr'>mariasugant‚</span> <span class='ocrx_word' id='word_1_219' title='bbox 915 3129 970 3169; x_wconf 90' lang='lat' dir='ltr'>con</span> <span class='ocrx_word' id='word_1_220' title='bbox 968 3106 1210 3190; x_wconf 71' lang='lat' dir='ltr'>jurastisquesrbi</span> 
     </span>
     <span class='ocr_line' id='line_1_31' title="bbox 185 3193 1210 3277; baseline 0.001 -20"><span class='ocrx_word' id='word_1_221' title='bbox 185 3197 333 3259; x_wconf 81' lang='lat' dir='ltr'>Britannis</span> <span class='ocrx_word' id='word_1_222' title='bbox 351 3217 482 3272; x_wconf 89' lang='lat' dir='ltr'>murum,</span> <span class='ocrx_word' id='word_1_223' title='bbox 506 3218 565 3259; x_wconf 92' lang='lat' dir='ltr'>non</span> <span class='ocrx_word' id='word_1_224' title='bbox 579 3211 655 3258; x_wconf 87' lang='lat' dir='ltr'>terra</span> <span class='ocrx_word' id='word_1_225' title='bbox 669 3213 703 3256; x_wconf 95' lang='lat' dir='ltr'>ut</span> <span class='ocrx_word' id='word_1_226' title='bbox 718 3211 786 3257; x_wconf 86' lang='lat' dir='ltr'>ante</span> <span class='ocrx_word' id='word_1_227' title='bbox 807 3198 991 3277; x_wconf 86' lang='lat' dir='ltr'>pulvereum,</span> <span class='ocrx_word' id='word_1_228' title='bbox 1016 3193 1063 3256; x_wconf 89' lang='lat' dir='ltr'>sed</span> <span class='ocrx_word' id='word_1_229' title='bbox 1079 3193 1149 3258; x_wconf 82' lang='lat' dir='ltr'>saxo</span> <span class='ocrx_word' id='word_1_230' title='bbox 1166 3195 1210 3258; x_wconf 89' lang='lat' dir='ltr'>so·</span> 
     </span>
     <span class='ocr_line' id='line_1_32' title="bbox 186 3282 1211 3367; baseline 0.002 -23"><span class='ocrx_word' id='word_1_231' title='bbox 186 3284 304 3346; x_wconf 90' lang='lat' dir='ltr'>lidum</span> <span class='ocrx_word' id='word_1_232' title='bbox 296 3300 371 3346; x_wconf 89' lang='lat' dir='ltr'>rnter</span> <span class='ocrx_word' id='word_1_233' title='bbox 386 3286 528 3358; x_wconf 82' lang='lat' dir='ltr'>civitates,</span> <span class='ocrx_word' id='word_1_234' title='bbox 551 3303 621 3367; x_wconf 83' lang='lat' dir='ltr'>quae</span> <span class='ocrx_word' id='word_1_235' title='bbox 636 3285 748 3346; x_wconf 88' lang='lat' dir='ltr'>ibidem</span> <span class='ocrx_word' id='word_1_236' title='bbox 759 3284 800 3344; x_wconf 93' lang='lat' dir='ltr'>ob</span> <span class='ocrx_word' id='word_1_237' title='bbox 817 3283 945 3346; x_wconf 86' lang='lat' dir='ltr'>hostium</span> <span class='ocrx_word' id='word_1_238' title='bbox 961 3298 1073 3344; x_wconf 89' lang='lat' dir='ltr'>metum</span> <span class='ocrx_word' id='word_1_239' title='bbox 1089 3282 1211 3346; x_wconf 82' lang='lat' dir='ltr'>fuerant</span> 
     </span>
     <span class='ocr_line' id='line_1_33' title="bbox 186 3368 1209 3456; baseline 0.001 -24"><span class='ocrx_word' id='word_1_240' title='bbox 186 3370 321 3448; x_wconf 70' lang='lat' dir='ltr'>sadlae,</span> <span class='ocrx_word' id='word_1_241' title='bbox 307 3393 326 3432; x_wconf 83' lang='lat' dir='ltr'>a</span> <span class='ocrx_word' id='word_1_242' title='bbox 349 3373 423 3434; x_wconf 90' lang='lat' dir='ltr'>mari</span> <span class='ocrx_word' id='word_1_243' title='bbox 445 3369 537 3456; x_wconf 90' lang='lat' dir='ltr'>usque</span> <span class='ocrx_word' id='word_1_244' title='bbox 557 3374 596 3434; x_wconf 89' lang='lat' dir='ltr'>ad</span> <span class='ocrx_word' id='word_1_245' title='bbox 616 3393 695 3434; x_wconf 90' lang='lat' dir='ltr'>mare</span> <span class='ocrx_word' id='word_1_246' title='bbox 717 3371 876 3436; x_wconf 85' lang='lat' dir='ltr'>collocant.</span> <span class='ocrx_word' id='word_1_247' title='bbox 910 3368 978 3431; x_wconf 87' lang='lat' dir='ltr'>Sed</span> <span class='ocrx_word' id='word_1_248' title='bbox 1002 3372 1061 3432; x_wconf 86' lang='lat'>&amp;</span> <span class='ocrx_word' id='word_1_249' title='bbox 1054 3393 1082 3432; x_wconf 90' lang='grc' dir='ltr'>ιιι</span> <span class='ocrx_word' id='word_1_250' title='bbox 1108 3375 1209 3434; x_wconf 85' lang='lat' dir='ltr'>littore</span> 
     </span>
     <span class='ocr_line' id='line_1_34' title="bbox 188 3456 1208 3543; baseline 0.001 -22"><span class='ocrx_word' id='word_1_251' title='bbox 188 3460 351 3524; x_wconf 87' lang='lat' dir='ltr'>meridiano</span> <span class='ocrx_word' id='word_1_252' title='bbox 373 3461 471 3535; x_wconf 80' lang='lat' dir='ltr'>maris,</span> <span class='ocrx_word' id='word_1_253' title='bbox 495 3463 567 3543; x_wconf 90' lang='lat' dir='ltr'>quia</span> <span class='ocrx_word' id='word_1_254' title='bbox 589 3459 618 3522; x_wconf 71' lang='grc' dir='ltr'><strong>ἃ</strong></span> <span class='ocrx_word' id='word_1_255' title='bbox 637 3460 708 3522; x_wconf 88' lang='lat' dir='ltr'>inde</span> <span class='ocrx_word' id='word_1_256' title='bbox 727 3456 818 3522; x_wconf 89' lang='lat' dir='ltr'>hoslis</span> <span class='ocrx_word' id='word_1_257' title='bbox 840 3458 1011 3532; x_wconf 86' lang='lat' dir='ltr'>timebatur,</span> <span class='ocrx_word' id='word_1_258' title='bbox 1037 3475 1131 3520; x_wconf 86' lang='lat' dir='ltr'>turres</span> <span class='ocrx_word' id='word_1_259' title='bbox 1155 3481 1208 3540; x_wconf 88' lang='lat' dir='ltr'>per</span> 
     </span>
     <span class='ocr_line' id='line_1_35' title="bbox 186 3545 1208 3630; baseline -0.004 -18"><span class='ocrx_word' id='word_1_260' title='bbox 186 3546 339 3612; x_wconf 87' lang='lat' dir='ltr'>intervalla</span> <span class='ocrx_word' id='word_1_261' title='bbox 353 3549 392 3610; x_wconf 88' lang='lat' dir='ltr'>ad</span> <span class='ocrx_word' id='word_1_262' title='bbox 409 3545 596 3630; x_wconf 76' lang='lat' dir='ltr'>prospeslum</span> <span class='ocrx_word' id='word_1_263' title='bbox 619 3550 706 3610; x_wconf 88' lang='lat' dir='ltr'>maris</span> <span class='ocrx_word' id='word_1_264' title='bbox 720 3546 865 3610; x_wconf 89' lang='lat' dir='ltr'>statuunt.</span> <span class='ocrx_word' id='word_1_265' title='bbox 912 3549 959 3608; x_wconf 88' lang='lat' dir='ltr'>Sic</span> <span class='ocrx_word' id='word_1_266' title='bbox 977 3546 1145 3609; x_wconf 88' lang='lat' dir='ltr'>valedicunt</span> <span class='ocrx_word' id='word_1_267' title='bbox 1162 3545 1208 3608; x_wconf 89' lang='lat' dir='ltr'>so·</span> 
     </span>
     <span class='ocr_line' id='line_1_36' title="bbox 187 3633 757 3718; baseline 0.005 -22"><span class='ocrx_word' id='word_1_268' title='bbox 187 3637 248 3709; x_wconf 82' lang='lat' dir='ltr'>ciis,</span> <span class='ocrx_word' id='word_1_269' title='bbox 271 3653 416 3718; x_wconf 84' lang='lat' dir='ltr'>tanquam</span> <span class='ocrx_word' id='word_1_270' title='bbox 431 3637 509 3698; x_wconf 88' lang='lat' dir='ltr'>ultra</span> <span class='ocrx_word' id='word_1_271' title='bbox 529 3657 589 3697; x_wconf 92' lang='lat' dir='ltr'>non</span> <span class='ocrx_word' id='word_1_272' title='bbox 604 3633 757 3700; x_wconf 82' lang='lat' dir='ltr'>reversuri.</span> 
     </span>
    </p>

    <p class='ocr_par' dir='ltr' id='par_1_12' title="bbox 188 3719 1210 3893">
     <span class='ocr_line' id='line_1_37' title="bbox 230 3719 1210 3805; baseline 0 -19"><span class='ocrx_word' id='word_1_273' title='bbox 230 3724 279 3786; x_wconf 92' lang='lat' dir='ltr'>Ad</span> <span class='ocrx_word' id='word_1_274' title='bbox 302 3727 432 3796; x_wconf 79' lang='lat' dir='ltr'>Scottos,</span> <span class='ocrx_word' id='word_1_275' title='bbox 456 3724 486 3784; x_wconf 87' lang='lat' dir='ltr'>in</span> <span class='ocrx_word' id='word_1_276' title='bbox 501 3719 656 3785; x_wconf 86' lang='lat' dir='ltr'>Christum</span> <span class='ocrx_word' id='word_1_277' title='bbox 675 3724 836 3795; x_wconf 81' lang='lat' dir='ltr'>credentes,</span> <span class='ocrx_word' id='word_1_278' title='bbox 859 3721 1011 3785; x_wconf 85' lang='lat' dir='ltr'>ordinatus</span> <span class='ocrx_word' id='word_1_279' title='bbox 1027 3722 1138 3805; x_wconf 69' lang='lat' dir='ltr'>iPapa</span> <span class='ocrx_word' id='word_1_280' title='bbox 1153 3727 1210 3786; x_wconf 89' lang='lat' dir='ltr'>Ce-</span> 
     </span>
     <span class='ocr_line' id='line_1_38' title="bbox 188 3808 903 3893; baseline 0.001 -24"><span class='ocrx_word' id='word_1_281' title='bbox 188 3809 289 3874; x_wconf 87' lang='lat' dir='ltr'>lestino</span> <span class='ocrx_word' id='word_1_282' title='bbox 303 3811 451 3873; x_wconf 84' lang='lat' dir='ltr'>Palladius</span> <span class='ocrx_word' id='word_1_283' title='bbox 469 3809 581 3893; x_wconf 86' lang='lat' dir='ltr'>primus</span> <span class='ocrx_word' id='word_1_284' title='bbox 596 3808 747 3893; x_wconf 89' lang='lat' dir='ltr'>episcopus</span> <span class='ocrx_word' id='word_1_285' title='bbox 762 3811 903 3873; x_wconf 89' lang='lat' dir='ltr'>mittitur.</span> 
     </span>
    </p>

    <p class='ocr_par' dir='ltr' id='par_1_13' title="bbox 190 3895 1210 4423">
     <span class='ocr_line' id='line_1_39' title="bbox 230 3895 1208 3973; baseline 0.003 -14"><span class='ocrx_word' id='word_1_286' title='bbox 230 3902 321 3961; x_wconf 84' lang='lat' dir='ltr'>Anno</span> <span class='ocrx_word' id='word_1_287' title='bbox 337 3898 504 3961; x_wconf 77' lang='lat' dir='ltr'>Theodosii</span> <span class='ocrx_word' id='word_1_288' title='bbox 517 3898 634 3971; x_wconf 69' lang='lat' dir='ltr'>odero,</span> <span class='ocrx_word' id='word_1_289' title='bbox 657 3898 808 3960; x_wconf 88' lang='lat' dir='ltr'>recedente</span> <span class='ocrx_word' id='word_1_290' title='bbox 822 3895 838 3957; x_wconf 81' lang='lat' dir='ltr'>ai</span> <span class='ocrx_word' id='word_1_291' title='bbox 854 3901 966 3960; x_wconf 87' lang='lat' dir='ltr'>Britan:</span> <span class='ocrx_word' id='word_1_292' title='bbox 986 3901 1045 3960; x_wconf 89' lang='lat' dir='ltr'>Ro:</span> <span class='ocrx_word' id='word_1_293' title='bbox 1064 3901 1208 3973; x_wconf 85' lang='lat' dir='ltr'>exercitu,</span> 
     </span>
     <span class='ocr_line' id='line_1_40' title="bbox 191 3980 1210 4070; baseline 0.002 -24"><span class='ocrx_word' id='word_1_294' title='bbox 191 3987 306 4070; x_wconf 89' lang='lat' dir='ltr'>cognita</span> <span class='ocrx_word' id='word_1_295' title='bbox 333 3989 415 4049; x_wconf 89' lang='lat' dir='ltr'>Scoti</span> <span class='ocrx_word' id='word_1_296' title='bbox 435 3986 464 4048; x_wconf 77' lang='lat' dir='ltr'>dt</span> <span class='ocrx_word' id='word_1_297' title='bbox 483 3987 567 4049; x_wconf 75' lang='lat' dir='ltr'>-Piui</span> <span class='ocrx_word' id='word_1_298' title='bbox 591 3980 703 4048; x_wconf 86' lang='lat' dir='ltr'>reditus</span> <span class='ocrx_word' id='word_1_299' title='bbox 718 3988 923 4067; x_wconf 80' lang='lat' dir='ltr'>denegatione,</span> <span class='ocrx_word' id='word_1_300' title='bbox 946 3987 1072 4047; x_wconf 89' lang='lat' dir='ltr'>redeunt</span> <span class='ocrx_word' id='word_1_301' title='bbox 1094 3987 1155 4067; x_wconf 86' lang='lat' dir='ltr'>ipfi,</span> <span class='ocrx_word' id='word_1_302' title='bbox 1180 3990 1210 4062; x_wconf 74' lang='lat'>8&lt;</span> 
     </span>
     <span class='ocr_line' id='line_1_41' title="bbox 191 4071 1210 4158; baseline 0.003 -25"><span class='ocrx_word' id='word_1_303' title='bbox 191 4087 283 4136; x_wconf 87' lang='lat' dir='ltr'>totam</span> <span class='ocrx_word' id='word_1_304' title='bbox 296 4076 337 4138; x_wconf 87' lang='lat' dir='ltr'>ab</span> <span class='ocrx_word' id='word_1_305' title='bbox 350 4073 501 4157; x_wconf 87' lang='lat' dir='ltr'>Aquilone</span> <span class='ocrx_word' id='word_1_306' title='bbox 515 4071 638 4136; x_wconf 89' lang='lat' dir='ltr'>insulam</span> <span class='ocrx_word' id='word_1_307' title='bbox 663 4096 720 4158; x_wconf 91' lang='lat' dir='ltr'>pro</span> <span class='ocrx_word' id='word_1_308' title='bbox 742 4075 889 4156; x_wconf 88' lang='lat' dir='ltr'>indigenis</span> <span class='ocrx_word' id='word_1_309' title='bbox 911 4095 997 4135; x_wconf 91' lang='lat' dir='ltr'>muro</span> <span class='ocrx_word' id='word_1_310' title='bbox 1012 4089 1098 4135; x_wconf 88' lang='lat' dir='ltr'>tenus</span> <span class='ocrx_word' id='word_1_311' title='bbox 1112 4074 1210 4156; x_wconf 87' lang='lat' dir='ltr'>capes·</span> 
     </span>
     <span class='ocr_line' id='line_1_42' title="bbox 190 4158 1210 4245; baseline 0.003 -23"><span class='ocrx_word' id='word_1_312' title='bbox 190 4158 266 4226; x_wconf 92' lang='lat' dir='ltr'>sunt.</span> <span class='ocrx_word' id='word_1_313' title='bbox 309 4166 373 4224; x_wconf 91' lang='lat' dir='ltr'>Nec</span> <span class='ocrx_word' id='word_1_314' title='bbox 388 4181 483 4235; x_wconf 90' lang='lat' dir='ltr'>mora,</span> <span class='ocrx_word' id='word_1_315' title='bbox 506 4162 597 4235; x_wconf 81' lang='lat' dir='ltr'>caesre,</span> <span class='ocrx_word' id='word_1_316' title='bbox 620 4165 723 4245; x_wconf 86' lang='lat' dir='ltr'>captis,</span> <span class='ocrx_word' id='word_1_317' title='bbox 747 4160 858 4245; x_wconf 84' lang='lat' dir='ltr'>sugatis</span> <span class='ocrx_word' id='word_1_318' title='bbox 878 4160 1051 4224; x_wconf 85' lang='lat' dir='ltr'>custodibus</span> <span class='ocrx_word' id='word_1_319' title='bbox 1068 4165 1154 4237; x_wconf 88' lang='lat' dir='ltr'>muri,</span> <span class='ocrx_word' id='word_1_320' title='bbox 1180 4164 1210 4225; x_wconf 78' lang='lat' dir='ltr'>dc</span> 
     </span>
     <span class='ocr_line' id='line_1_43' title="bbox 190 4245 1209 4332; baseline 0.007 -25"><span class='ocrx_word' id='word_1_321' title='bbox 190 4245 251 4327; x_wconf 90' lang='lat' dir='ltr'>ipso</span> <span class='ocrx_word' id='word_1_322' title='bbox 269 4251 438 4331; x_wconf 83' lang='lat' dir='ltr'>interrupto</span> <span class='ocrx_word' id='word_1_323' title='bbox 456 4249 567 4331; x_wconf 59' lang='lat' dir='ltr'>‘jans&#39;</span> <span class='ocrx_word' id='word_1_324' title='bbox 593 4253 670 4313; x_wconf 87' lang='lat' dir='ltr'>intra</span> <span class='ocrx_word' id='word_1_325' title='bbox 693 4251 781 4312; x_wconf 89' lang='lat' dir='ltr'>illum</span> <span class='ocrx_word' id='word_1_326' title='bbox 795 4250 923 4312; x_wconf 84' lang='lat' dir='ltr'>crudelis</span> <span class='ocrx_word' id='word_1_327' title='bbox 940 4251 1040 4330; x_wconf 81' lang='lat' dir='ltr'>praedo</span> <span class='ocrx_word' id='word_1_328' title='bbox 1053 4251 1209 4332; x_wconf 78' lang='lat' dir='ltr'>grassatur.</span> 
     </span>
     <span class='ocr_line' id='line_1_44' title="bbox 190 4334 1212 4423; baseline 0.003 -27"><span class='ocrx_word' id='word_1_329' title='bbox 190 4334 320 4402; x_wconf 80' lang='lat' dir='ltr'>Mrttitur</span> <span class='ocrx_word' id='word_1_330' title='bbox 333 4336 464 4421; x_wconf 87' lang='lat' dir='ltr'>epistola,</span> <span class='ocrx_word' id='word_1_331' title='bbox 488 4337 646 4420; x_wconf 83' lang='lat' dir='ltr'>lachrymis</span> <span class='ocrx_word' id='word_1_332' title='bbox 669 4335 811 4401; x_wconf 85' lang='lat' dir='ltr'>aerumnis</span> <span class='ocrx_word' id='word_1_333' title='bbox 808 4359 868 4423; x_wconf 90' lang='lat' dir='ltr'>que</span> <span class='ocrx_word' id='word_1_334' title='bbox 881 4335 996 4415; x_wconf 87' lang='lat' dir='ltr'>referta,</span> <span class='ocrx_word' id='word_1_335' title='bbox 1021 4339 1058 4401; x_wconf 84' lang='lat' dir='ltr'>ad</span> <span class='ocrx_word' id='word_1_336' title='bbox 1075 4342 1134 4402; x_wconf 87' lang='lat' dir='ltr'>Ro:</span> <span class='ocrx_word' id='word_1_337' title='bbox 1154 4359 1212 4423; x_wconf 82' lang='lat' dir='ltr'>pp</span> 
     </span>
    </p>
   </div>
   <div class='ocr_carea' id='block_1_7' title="bbox 191 4485 1215 4620">
    <p class='ocr_par' dir='ltr' id='par_1_14' title="bbox 191 4485 1215 4620">
     <span class='ocr_line' id='line_1_45' title="bbox 223 4485 1215 4563; baseline 0.002 -28.065"><span class='ocrx_word' id='word_1_338' title='bbox 223 4486 328 4554; x_wconf 73' lang='lat' dir='ltr'>oldest,</span> <span class='ocrx_word' id='word_1_339' title='bbox 346 4487 471 4539; x_wconf 79' lang='lat' dir='ltr'>Maximus</span> <span class='ocrx_word' id='word_1_340' title='bbox 489 4498 626 4563; x_wconf 69' lang='lat' dir='ltr'>tyrannus.</span> <span class='ocrx_word' id='word_1_341' title='bbox 651 4485 820 4561; x_wconf 84' lang='lat' dir='ltr'>hJuventute‚</span> <span class='ocrx_word' id='word_1_342' title='bbox 837 4485 954 4550; x_wconf 80' lang='lat' dir='ltr'>copiisque</span> <span class='ocrx_word' id='word_1_343' title='bbox 969 4487 1112 4544; x_wconf 74' lang='lat' dir='ltr'>militanirus</span> <span class='ocrx_word' id='word_1_344' title='bbox 1126 4487 1215 4552; x_wconf 80' lang='lat' dir='ltr'>spolia·</span> 
     </span>
     <span class='ocr_line' id='line_1_46' title="bbox 191 4507 1178 4620; baseline 0 -20"><span class='ocrx_word' id='word_1_345' title='bbox 191 4561 265 4611; x_wconf 69' lang='lat' dir='ltr'>verat,</span> <span class='ocrx_word' id='word_1_346' title='bbox 280 4568 331 4617; x_wconf 85' lang='lat' dir='ltr'>quae</span> <span class='ocrx_word' id='word_1_347' title='bbox 342 4553 474 4620; x_wconf 77' lang='lat' dir='ltr'>tyrannidis</span> <span class='ocrx_word' id='word_1_348' title='bbox 485 4567 536 4619; x_wconf 69' lang='lat' dir='ltr'>ejus</span> <span class='ocrx_word' id='word_1_349' title='bbox 545 4550 643 4618; x_wconf 79' lang='lat' dir='ltr'>vestigia</span> <span class='ocrx_word' id='word_1_350' title='bbox 652 4546 752 4606; x_wconf 80' lang='lat' dir='ltr'>secut&#39;a:</span> <span class='ocrx_word' id='word_1_351' title='bbox 746 4569 772 4599; x_wconf 92' lang='grc' dir='ltr'>ιιι</span> <span class='ocrx_word' id='word_1_352' title='bbox 786 4550 885 4614; x_wconf 82' lang='lat' dir='ltr'>Gallias,</span> <span class='ocrx_word' id='word_1_353' title='bbox 901 4553 950 4604; x_wconf 71' lang='lat' dir='ltr'>(rc.</span> <span class='ocrx_word' id='word_1_354' title='bbox 963 4553 993 4603; x_wconf 78' lang='lat' dir='ltr'>al.</span> <span class='ocrx_word' id='word_1_355' title='bbox 1027 4571 1038 4604; x_wconf 86' lang='lat' dir='ltr'>c</span> <span class='ocrx_word' id='word_1_356' title='bbox 1054 4554 1135 4604; x_wconf 83' lang='lat' dir='ltr'>Etiam</span> <span class='ocrx_word' id='word_1_357' title='bbox 1137 4507 1178 4601; x_wconf 58' lang='lat' dir='ltr'>pml</span> 
     </span>
    </p>
   </div>
   <div class='ocr_carea' id='block_1_8' title="bbox 235 4646 1212 4720">
    <p class='ocr_par' dir='ltr' id='par_1_15' title="bbox 235 4646 1212 4720">
     <span class='ocr_line' id='line_1_47' title="bbox 235 4646 1212 4720; baseline 0.001 -10"><span class='ocrx_word' id='word_1_358' title='bbox 235 4647 329 4713; x_wconf 80' lang='lat' dir='ltr'>Tou.</span> <span class='ocrx_word' id='word_1_359' title='bbox 344 4651 390 4720; x_wconf 85' lang='lat'>11</span> <span class='ocrx_word' id='word_1_360' title='bbox 738 4649 769 4718; x_wconf 81' lang='lat' dir='ltr'>X</span> <span class='ocrx_word' id='word_1_361' title='bbox 1101 4646 1212 4711; x_wconf 81' lang='lat' dir='ltr'>testatis</span> 
     </span>
    </p>
   </div>
   <div class='ocr_carea' id='block_1_9' title="bbox 0 0 1715 5300">
    <p class='ocr_par' dir='ltr' id='par_1_16' title="bbox 0 0 1715 5300">
     <span class='ocr_line' id='line_1_48' title="bbox 0 0 1715 5300; baseline 0 0"><span class='ocrx_word' id='word_1_362' title='bbox 0 0 1715 5300; x_wconf 95' lang='lat' dir='ltr'> </span> 
     </span>
    </p>
   </div>
  </div>
 </body>
</html>
