3392 5300
278 462 1108 597 nntrossu'nn'rr*conpacin'u'ax
1291 462 1356 586 iij

607 642 752 705 Ibidem.
1142 704 1147 710 .
1220 671 1387 722 ffiinsutaa.

226 751 319 813 Unde
342 752 371 813 dr
393 748 545 853 pmlatam
571 745 695 813 insulam
717 748 795 810 ab
771 769 813 811 ers
832 748 863 811 in
887 748 1085 831 pollellronem
1103 764 1207 807 mona·
1219 738 1363 851 miii·

179 833 261 899 sterii
276 836 402 901 faciendi
425 842 561 939 accepit·
584 858 682 919 neque
704 839 784 897 enim
800 858 905 919 magna
920 836 972 909 est,
995 836 1043 897 sed
1059 834 1144 917 quast
1163 832 1207 895 fa·
1220 868 1372 917 tineosum-

178 926 335 989 miliarum
349 928 494 1009 quinque,
514 926 600 1005 juxta
612 924 836 987 aestimationem
850 925 968 1009 Anglor
972 946 1050 987 um.
1219 935 1254 983 bae
1265 933 1326 985 data.

636 1034 750 1095 laidem.

223 1136 262 1195 In
284 1132 396 1215 quibus
411 1133 560 1199 omnibus
573 1131 654 1235 idem
669 1129 880 1201 monasterium
893 1127 1105 1207 insulanum,
1098 1151 1128 1193 m
1144 1150 1207 1213 quo
1277 1167 1281 1179 ·

178 1236 200 1279 S.
215 1231 339 1281 Columba

176 1298 239 1385 ipse
255 1296 411 1383 requiescit
426 1319 560 1383 corpore,
585 1296 783 1381 principatum
800 1311 889 1361 tenet.

634 1406 748 1470 Ibidem.

222 1514 268 1571 At
295 1525 368 1572 tunc
388 1509 524 1574 veniente
545 1507 583 1568 ad
604 1528 654 1569 eos
679 1508 908 1572 reverentissimo
928 1510 957 1573 8<
978 1504 1102 1609 santiill:
1123 1504 1352 1591 patresscgbenus

176 1599 206 1659 dc
232 1596 387 1661 sacerdote
403 1596 562 1679 Ecgberto,
586 1595 623 1655 de
639 1600 756 1657 natione
770 1598 950 1681 Anglorum‚
974 1596 1028 1677 qui
1043 1595 1075 1658 in
1091 1596 1205 1677 Hpber·
1217 1571 1351 1683 pffiis

176 1686 227 1746 nia
243 1684 361 1748 diutius
376 1686 542 1747 exulaverat
563 1704 618 1765 pro
633 1683 760 1759 Cluilio,
785 1701 927 1788 eratque
928 1683 1182 1747 &dottiffimus
1174 1704 1206 1746 tn
1218 1701 1314 1750 enoris.

175 1769 344 1855 scripturis,
368 1774 398 1834 dr
416 1774 550 1854 longaeva
564 1772 630 1831 vitae
645 1768 824 1851 perfedlione
838 1772 976 1844 eximius,
999 1770 1126 1834 correcti
1138 1770 1206 1834 sunt

176 1882 228 1943 per
244 1880 329 1939 eum,
349 1860 378 1923 δι
393 1860 430 1923 ad
444 1881 551 1925 verunt
565 1858 804 1949 canonicumque
818 1858 936 1923 Paschae
947 1861 1029 1925 diem
1043 1860 1182 1925 transsati.

597 1972 647 2032 Ex
662 1973 725 2050 cap.
745 1966 792 2049 4⁰.

547 2082 552 2087 ·
590 2068 756 2117 S‚0suualdo.

219 2142 304 2200 Nam
316 2159 401 2211 curn,
424 2133 581 2200 interfetto
595 2137 646 2200 illo
667 2138 697 2198 in
712 2158 822 2221 pugna,
848 2159 954 2200 manus
966 2159 1035 2201 cum
1050 2138 1174 2202 brachio
1188 2139 1213 2205 ai
1243 2143 1247 2151 '

175 2242 278 2289 cetero
306 2226 396 2288 ellent
395 2244 539 2308 corpore
564 2222 706 2300 resecata,
730 2227 859 2308 contigit
884 2241 919 2288 ut
944 2227 1087 2290 hactenns
1108 2227 1206 2291 incor-

243 2349 264 2381 ae

175 2414 267 2482 rupta
281 2398 453 2481 perdurent.
491 2400 653 2481 Denique
646 2420 674 2460 rn
689 2398 763 2461 urbe
775 2400 867 2483 regia,
883 2420 953 2482 quae
968 2420 985 2460 a
999 2403 1207 2486 reginaaqua·

176 2486 265 2551 dam''
286 2488 435 2549 vocabulo
451 2486 553 2548 Bebba
573 2485 812 2570 cognominatur,
835 2487 938 2550 loculo
964 2487 1081 2551 inclusae
1101 2512 1206 2576 argen-

176 2590 225 2637 teo
240 2575 273 2637 in
288 2574 407 2637 ecclesia
428 2578 458 2638 S.
476 2572 556 2637 Petri
571 2570 730 2637 servantur.

587 2685 638 2744 Ex
653 2687 796 2768 cop0.0.

218 2790 270 2848 Eo
286 2802 420 2869 tempore
433 2807 505 2870 gens
519 2785 758 2852 Occidentalium
782 2791 945 2864 Saxonum,
968 2793 1022 2873 qni
1037 2792 1205 2878 antiquitus
1307 2857 1313 2867 ,

176 2875 310 2938 Geuillae
326 2875 519 2950 vocabantur,
543 2890 683 2964 regnante
699 2873 866 2960 Cynegilso‚
888 2877 978 2941 fidem
990 2879 1099 2944 Chrilli
1113 2879 1206 2946 susce·

175 2978 302 3049 perunt,
324 2963 504 3046 praedicante
518 2962 575 3025 illis
590 2963 713 3025 verbum
728 2965 831 3027 Birino
821 2962 994 3053 episcopo,

632 3067 747 3132 Ibidem.

220 3179 424 3238 Donaverunt
446 3187 546 3236 antem
561 3171 651 3236 ambo
666 3195 745 3258 reges
770 3175 867 3238 eidem
890 3173 1067 3260 episcopo
1042 3179 1202 3256 mitatem,
1217 3195 1349 3255 oswaldus,

177 3282 249 3343 qnae
273 3263 574 3344 vocaturDorcinga,
598 3261 637 3324 ad
659 3261 822 3326 faciendam
845 3263 921 3327 inibi
943 3261 1039 3336 sedem
1054 3265 1203 3350 episcopa
1216 3263 1363 3310 00000000·

176 3348 255 3422 lem·,
280 3350 337 3413 ubi
355 3349 441 3412 fanis
455 3348 582 3412 ecclesiis
593 3341 802 3453 dedicatisque,
819 3351 922 3413 multra
932 3351 972 3412 ad
982 3350 1141 3418 dommum
1152 3347 1205 3438 pio
1215 3330 1308 3440 Ἠ
1302 3343 1370 3441 iffi

177 3438 240 3514 ejus
264 3438 369 3502 labore
391 3438 508 3519 populis
524 3435 684 3539 advocatis,
708 3439 845 3520 migravit
865 3439 903 3510 ad
919 3437 1085 3516 dominum,
1108 3440 1204 3525 sepul
1192 3457 1338 3521 temporis.

178 3462 286 3608 titique
312 3523 384 3588 est
377 3546 409 3587 ιιι
433 3525 535 3589 eadem
559 3523 686 3599 civitate,
709 3524 824 3608 &poll
840 3525 949 3588 multos
971 3547 1073 3603 annos,
1097 3532 1215 3597 Hedda.

176 3613 383 3696 episcopatum
398 3629 513 3698 agente,
537 3613 691 3678 transsatus
706 3613 795 3676 inde
789 3635 819 3676 tn
834 3615 1003 3677 Ventam
977 3616 1137 3683 ciuitatem
1206 3656 1212 3680 ι

629 3725 746 3788 Ibidem.

377 3830 396 3876 C
414 3844 443 3876 nc
461 3826 517 3876 ilsus
682 3865 684 3872 ι
1011 3873 1015 3879 ,

221 3893 364 3960 Tandem
379 3843 520 3978 reyxgqui
531 3899 687 3959 Saxonum
702 3910 818 3958 tantum
834 3895 967 3980 linguam
983 3914 1114 3977 noverat,
1138 3835 1260 3984 pitia
1258 3901 1278 3919 ''

176 4016 226 4049 non
239 4000 358 4051 intellexit
368 4000 476 4066 linguam
489 4001 574 4050 Birini.

178 4068 262 4132 rasus
288 4070 423 4151 barbarae
444 4068 581 4152 loquelae,
605 4067 861 4132 subintroduxit
852 4088 885 4132 tn
908 4071 1089 4151 provinciam
1112 4072 1212 4136 alium

177 4153 239 4218 suae
259 4157 371 4241 linguae
394 4155 569 4240 episcopum
591 4157 738 4219 vocabulo
751 4160 861 4238 Wyne‚
886 4155 1046 4256 &ipsum
1053 4158 1084 4222 in
1105 4161 1205 4221 Gallia

177 4243 370 4319 ordinatum
393 4243 618 4326 dividensque
610 4265 640 4306 rn
656 4244 729 4304 duas
746 4244 899 4325 parochias
916 4245 1111 4326 provinciam,
1132 4248 1205 4310 huic

175 4331 208 4392 in
225 4331 343 4395 civitate
357 4337 462 4405 Venta,
486 4353 554 4416 quae
573 4329 692 4416 agente
707 4335 861 4394 Saxonum
873 4332 1090 4398 Wintancestre
1103 4337 1203 4433 appel·

176 4418 266 4496 latur,
290 4416 387 4486 sedem
402 4417 594 4508 episcopalem
615 4421 731 4482 tribuit.
822 4451 827 4466 =

529 4621 532 4626 .
585 4593 599 4627 a
642 4575 745 4625 nondam
757 4577 789 4626 al.

222 4665 324 4732 Tou.
340 4667 383 4733 11.
599 4753 601 4758 ,
676 4753 679 4758 Ι
734 4665 753 4727 8
