3392 5300
314 473 666 592 Autronium
711 471 1146 582 conuncmhuet.

276 626 278 633 ’
343 694 346 699 ,
410 636 512 716 Versus
528 632 657 717 decerpti
671 656 711 697 ex
730 636 940 719 epigrammate
954 634 1046 699 Bedae.

302 742 441 821 Obsecro,
464 743 592 829 quisque
607 744 691 831 legis,
717 744 920 826 Cynebertum
940 744 1071 829 supplice
1087 762 1157 811 voto

303 834 499 897 Commendet
515 835 649 909 domino,
672 834 757 914 cujus
772 834 822 895 hic
836 832 947 897 dusius
966 856 1069 897 amone

299 926 329 982 A
342 918 544 985 fundamentis
560 919 682 983 sacraria
697 917 832 983 condidit
847 921 916 987 alta.

300 1011 364 1071 Hac
379 1012 409 1071 &
425 1010 454 1070 in
465 1012 542 1073 urbe
557 1008 623 1085 stbi,
648 1006 762 1091 seseque
777 1006 979 1090 sequentibus,
1003 1009 1111 1073 almam

299 1097 381 1158 Fecit
395 1093 573 1179 praesulibus
587 1094 696 1171 sedem,
720 1118 780 1179 qua
796 1096 885 1157 turba
900 1099 1021 1178 piorum

296 1186 434 1247 Sumeret
448 1202 564 1247 aetetnae
579 1182 706 1247 coelestia
721 1182 840 1267 praemiti
854 1185 933 1248 vitae.

336 1335 338 1351 ·
451 1292 543 1357 Liber
558 1290 706 1356 Geneseos
722 1294 858 1355 metricus
873 1293 996 1359 ibidem.
1210 1314 1213 1319 ·
1262 1280 1318 1350 9²8·
1332 1300 1389 1339 ¹¹²·

473 1381 667 1465 Epitaphium
685 1376 820 1450 widsffii
841 1382 969 1447 abbatis.

438 1506 453 1537 α
473 1496 492 1532 ⁴*
514 1488 701 1571 Epitaphium
715 1488 860 1570 'Ceolftidi
878 1492 1003 1556 abbatis.
1036 1460 1041 1467 Ι
1066 1496 1070 1502 ’

293 1592 413 1671 Corpus
428 1588 466 1651 ad
482 1590 582 1653 eximii
597 1590 706 1650 merito
722 1588 887 1651 venerabile
902 1590 985 1652 Petri

339 1678 468 1741 Dedicat
489 1676 501 1725 b
522 1674 660 1749 ecclefiae,
682 1690 693 1722 ⁶
712 1697 801 1759 quem
817 1675 897 1759 capit
911 1678 971 1739 alta
984 1677 1090 1757 fides,

292 1812 474 1877 Ceolsridus.
519 1816 671 1877 Extremis
688 1816 856 1899 Anglorum
874 1814 986 1880 sinibus
1001 1819 1103 1896 abbas,

336 1904 445 1964 Devoti
459 1898 593 1983 aspectus
609 1904 734 1986 pignora
754 1905 841 1965 mitto
857 1906 934 1966 mei:

289 1990 404 2072 Meque
416 1986 557 2072 meosque
570 2007 685 2073 optans,
712 1993 787 2053 tanti
803 1993 880 2053 inter
894 1994 1005 2075 gaudia
1020 1997 1120 2077 patris,
1220 2072 1226 2077 j

321 2080 370 2159 ¹Irt
385 2077 468 2141 coelis
484 2098 646 2141 memorem
662 2076 775 2161 semper
793 2080 902 2145 habere
917 2080 1028 2148 locum.

378 2210 381 2215 ·
466 2174 574 2241 Versus
591 2178 725 2259 Sybiilini
739 2178 776 2239 de
788 2179 836 2241 die
850 2178 968 2258 judicii.

287 2279 324 2341 In
342 2276 404 2341 velo
425 2278 499 2363 quod
516 2278 536 2342 ὸ
555 2280 700 2343 Citatilane
717 2300 787 2365 rege
804 2276 926 2340 duomae
939 2280 1077 2348 directum
1091 2283 1140 2368 ss.

285 2409 451 2495 Discipuiis
466 2412 582 2475 cunsiis'
597 2412 710 2475 domini
731 2411 869 2493 ptaehtus
883 2436 996 2493 amore,

331 2504 452 2584 Dignus
465 2499 625 2583 apostolico
638 2504 753 2583 primus
769 2503 882 2564 honore
896 2505 964 2581 coli,

286 2588 398 2666 Sancte
409 2590 468 2652 tuis
482 2592 569 2653 Petro
581 2590 693 2652 meritis
708 2590 771 2652 haec
792 2610 913 2654 munera
928 2591 1053 2678 supplex

313 2678 441 2742 .Cintisa
454 2698 509 2740 rex
522 2676 612 2740 offert
628 2700 636 2742 :
656 2678 757 2761 pande
771 2675 873 2742 salutis
888 2701 987 2764 opem:

283 2765 400 2828 Ultima
414 2766 594 2828 concludens
610 2762 759 2848 praesentis
774 2787 897 2830 munera
912 2773 980 2833 vitae

282 2853 401 2929 vistor,
424 2855 455 2916 in
469 2855 527 2916 hoc
541 2852 653 2937 positus
669 2854 798 2929 tumulo,
824 2876 876 2937 per
894 2854 966 2920 sech
979 2853 1114 2942 quiescit,

282 2948 400 3006 Gratus
414 2943 445 3002 in
459 2940 572 3018 officiis,
596 2957 687 3026 atque
703 2945 785 3006 omni
803 2941 938 3008 strenuus
953 2946 1033 3011 adiu.

403 3068 590 3151 Epitaphium
607 3066 790 3131 Berthwaldi
801 3069 1011 3154 archiepiscopi.

188 3171 190 3176 ’
279 3170 404 3254 Egregii
421 3164 510 3253 pasris
525 3153 707 3237 Berdiwaldi
722 3189 831 3250 corpus
847 3169 1005 3234 humatum

325 3259 451 3324 Tumba
466 3271 545 3320 tenet
565 3253 699 3339 praesens,
724 3277 806 3318 more
820 3254 932 3320 sacrum
947 3251 1044 3322 solito.

278 3349 369 3410 Hanc
384 3348 515 3410 incarne
530 3363 648 3408 manens
664 3345 786 3428 proprio
801 3346 867 3426 pius
882 3366 934 3407 ore
953 3347 1088 3430 jubendo

323 3432 485 3496 Artificum
500 3433 636 3516 manibus
654 3430 763 3494 fecerat
777 3429 837 3513 ipse
852 3431 927 3493 fibi:

276 3526 382 3608 Quem
398 3521 471 3584 deus
487 3523 624 3598 ecclesiis,
648 3539 722 3602 quas
737 3520 837 3600 ampla
859 3521 1012 3584 Britannia
1027 3520 1086 3584 late

292 3627 296 3636 ’
323 3606 455 3674 Diffusus
471 3612 587 3684 retinet,
610 3605 791 3670 censuitesse
809 3622 932 3688 patrem.

275 3701 382 3780 Atque
396 3696 471 3758 adeo
486 3699 613 3779 ingentis
629 3716 735 3780 magno
749 3696 833 3757 auxit
847 3715 968 3760 munere
980 3695 1062 3774 doni,

320 3787 465 3867 Praecipui
479 3785 619 3846 decorans
635 3785 790 3846 nobilitate
803 3782 925 3866 gradus.

274 3889 287 3922 e
308 3877 325 3915 *
344 3875 432 3936 Solus
449 3887 482 3933 ut
497 3872 582 3934 illum
598 3869 620 3934 s
630 3871 775 3953 pontificii
790 3871 912 3952 praeibat
927 3871 1052 3950 honore,

202 4010 207 4022 ,
320 3961 467 4044 Regmine
483 3962 537 4042 qui
551 3957 663 4021 fruitur
676 3956 749 4020 sedis
763 3956 940 4042 apostolicae.

273 4048 499 4130 Ecclesramque
513 4045 592 4110 suam
608 4061 652 4108 tet
666 4048 757 4108 denos
772 4062 888 4108 rexerat
902 4067 1008 4123 annos,
1127 4117 1131 4126 Ι

318 4133 514 4218 Ostonosque
531 4135 629 4209 simul,
651 4132 763 4217 semper
780 4154 881 4197 amore
895 4136 956 4218 pio.
1063 4182 1066 4188 .

271 4221 420 4298 Persesie,
443 4241 479 4286 ut
493 4223 603 4300 decuit,
627 4221 781 4306 postquam
798 4225 861 4303 jam
876 4221 985 4286 cundia
999 4222 1110 4330 peregit

318 4313 439 4374 Ordinis
454 4311 579 4394 injuncti
594 4331 716 4374 munera
732 4307 811 4372 sacra
824 4309 895 4388 fibi,

216 4500 230 4532 a
247 4483 293 4544 Sic,
312 4501 365 4533 cum
376 4481 482 4550 asterisco.
516 4483 528 4532 b
547 4485 591 4544 Sic,
609 4502 657 4533 cum
675 4483 754 4533 duobus
768 4481 903 4548 punssisfirb
916 4499 942 4531 κ.
976 4500 987 4531 c
1005 4486 1052 4545 Sir,
1068 4500 1117 4532 rum
1131 4483 1212 4537 duabu

184 4549 346 4618 pondissube.
375 4549 389 4598 d
401 4549 446 4611 Sic,
457 4567 505 4598 rom
512 4549 646 4618 prtussr'rsui
658 4567 685 4602 ae.
713 4547 995 4615 eHr'cctiumostrrr'frut.
1016 4550 1211 4616 thpontificis.

709 4667 732 4731 P
757 4683 774 4735 2
1086 4669 1217 4751 Terque.
