3392 5300
312 420 422 531 spa

670 448 978 531 Joartnrs
1031 448 1351 515 nunaunt

496 578 528 643 ἃ
549 578 618 643 latis
638 579 670 643 dt
683 581 798 663 amplis,
821 576 935 643 fereula
956 578 1065 643 cuuto
1086 577 1174 643 fimul
1195 592 1363 664 apponunt.
1406 593 1423 627 θ
1441 580 1521 643 Pane

493 686 620 751 quoque
640 670 725 731 tenui
747 666 779 731 δι
798 668 872 743 lato,
893 666 1073 751 quotidiano
1092 666 1197 731 labore
1207 667 1346 743 decoilo,
1368 665 1521 731 interdum

493 754 695 837 pulmentaria
705 752 922 837 sdp'erponuut.
955 754 1090 819 Talibus
1101 756 1175 818 olim
1188 754 1295 819 mensis
1308 756 1378 817 usus
1391 754 1434 817 est
1445 776 1520 839 puer

492 841 545 905 ille
557 842 678 916 nobilis,
700 844 740 907 de
753 846 840 923 ttrjus
854 842 885 904 ἃ
898 842 943 907 hii
957 838 987 905 se
997 842 1239 927 generejallm,
1259 845 1291 905 ἃ
1304 844 1393 924 cujus
1405 842 1446 905 ad
1458 842 1520 905 huc

492 948 533 993 ex
548 944 631 1011 parte
644 950 742 995 mores
756 922 924 995 observant.

537 1020 672 1081 Demnm
694 1034 795 1081 autem
818 1017 894 1081 hora
913 1014 1028 1099 soporis
1046 1014 1182 1092 instante
1205 1015 1329 1100 publico
1346 1014 1444 1081 llrato
1466 1036 1518 1099 per

491 1104 585 1169 latera
597 1105 750 1169 demusin
760 1106 898 1189 longum,
908 1104 1023 1185 junelia
1031 1106 1130 1186 juncis
1140 1102 1236 1171 solum
1251 1106 1382 1169 tenuiter
1391 1102 1517 1179 insertis,

491 1210 592 1277 muno
604 1213 731 1277 quoque
743 1191 822 1257 duro
839 1193 871 1255 a
883 1190 997 1275 aspero,
1018 1213 1112 1276 quam
1126 1193 1221 1276 patria
1241 1194 1330 1273 parit,
1350 1188 1516 1275 supposito,

490 1281 693 1345 mmuuniter
711 1280 906 1354 accumbunt,
929 1301 984 1348 nec
1002 1275 1015 1325 ὗ
1031 1281 1108 1344 atus
1128 1284 1172 1344 eis
1190 1280 1280 1343 noete
1298 1280 1401 1343 cultus
1423 1300 1516 1365 quam

491 1368 552 1433 die.
596 1366 693 1433 Pallio
715 1388 845 1453 namque
863 1370 944 1432 tenui
966 1368 1140 1433 &interula
1160 1364 1257 1431 solum
1276 1368 1360 1432 omui
1382 1385 1516 1452 tempore

490 1452 607 1540 frigora
620 1454 742 1539 pelnut.
787 1460 864 1540 lgue
884 1470 984 1519 tamen
998 1453 1075 1519 sicut
1086 1456 1148 1531 die,
1169 1453 1254 1519 fic&
1272 1454 1361 1519 noete
1383 1470 1457 1530 tota,
1477 1456 1515 1517 ad

489 1544 582 1627 pedes
603 1540 733 1619 acoeuso,
765 1544 997 1627 propinquoqoe
1020 1547 1132 1625 patim
1157 1542 1391 1607 mucubautmm
1417 1544 1516 1607 calore

487 1630 621 1693 multum
635 1631 743 1711 adjuti.
787 1634 867 1695 Cum
891 1646 992 1695 autem
1009 1632 1058 1695 vel
1079 1632 1160 1695 latus
1173 1627 1300 1695 iuferius
1313 1631 1393 1695 thori
1406 1630 1515 1694 duritia

488 1717 596 1793 lassari,
617 1718 666 1783 rel
686 1720 778 1783 etiam
797 1719 892 1783 nimio
910 1715 1046 1803 superius
1064 1720 1167 1804 algore
1189 1713 1354 1802 frigescere,
1375 1720 1512 1801 coeperit,

487 1805 560 1871 ilico
578 1805 618 1869 ad
634 1807 733 1891 ignem
748 1806 917 1890 prosiliunt.
961 1808 1012 1869 De
1030 1807 1119 1887 eujus
1140 1806 1287 1878 beneficio
1300 1806 1513 1889 promptissima

487 1889 645 1977 utriusque
655 1894 727 1959 mali
739 1894 871 1961 remedia
882 1910 1037 1979 quarunt·
1066 1893 1109 1958 Et
1119 1894 1205 1958 ficad
1218 1892 1309 1957 strata
1321 1911 1511 1968 revertentes,

487 1978 589 2065 seque,
612 1997 740 2069 urgente
749 1982 932 2068 gravamine,
953 1983 1060 2047 erebro
1074 1997 1233 2057 vertentes,
1255 1982 1378 2045 alternis
1397 1983 1512 2047 vicibus

489 2068 570 2135 latus
583 2090 678 2133 nuum
692 2069 807 2154 frigori,
829 2070 958 2133 alterum
970 2091 1045 2133 vero
1056 2070 1192 2145 durieiei,
1214 2070 1338 2133 donant.

534 2160 618 2221 Tam
631 2158 807 2223 mulieribus
821 2172 922 2220 autem
932 2159 966 2221 iu
978 2158 1035 2221 hac
1044 2170 1143 2242 gente,
1164 2178 1256 2239 quam
1266 2160 1357 2221 etiam
1368 2159 1510 2235 maribus,

489 2243 530 2309 ad
551 2266 636 2309 aures
654 2247 686 2308 ἃ
707 2248 811 2311 oculos
826 2243 947 2313 tonsura
958 2248 1099 2311 rotunda.
1142 2245 1287 2309 Mulieres
1298 2261 1401 2309 autem
1423 2249 1510 2331 peplo

488 2332 619 2399 madido
643 2334 800 2418 &impia
823 2354 909 2399 more
928 2334 1082 2410 Parthico,
1101 2335 1134 2397 in
1154 2352 1298 2397 coronam
1318 2352 1373 2416 per
1396 2336 1508 2419 gradus

486 2420 588 2484 eresio
603 2422 702 2505 capita
716 2423 825 2485 velant.

531 2510 645 2571 Dentes
659 2530 730 2571 vero
743 2512 775 2571 iu
788 2524 919 2593 utroque
928 2506 1000 2573 sexu
1014 2529 1076 2591 prae
1088 2508 1182 2585 omui,
1200 2528 1294 2592 quam
1304 2507 1444 2581 vidimus,
1459 2530 1506 2572 na·

359 2721 363 2726 .
486 2594 1505 2770 mtrffilddttftdltqerttla‘

486 2771 661 2838 Eorundem
683 2773 772 2838 etiam
793 2773 920 2837 cultura
943 2776 1040 2858 gratia
1060 2775 1207 2837 alimentis
1228 2771 1376 2837 abstinent
1393 2775 1503 2838 calidis.
1564 2792 1566 2877 ,¹

485 2859 618 2944 frigidae
631 2877 742 2936 autem,
766 2861 886 2945 tepidis,
908 2864 938 2926 δι
953 2864 1122 2945 temperatis
1135 2859 1247 2946 semper
1258 2875 1399 2926 utuntur.

488 2995 493 3002 -
530 2949 658 3012 Barbam
681 2950 737 3012 viri
759 2965 867 3032 prater
883 2964 896 2996 τ
913 2947 1086 3034 getnobma
1109 2947 1204 3012 solum
1224 2951 1330 3012 radere
1350 2947 1455 3026 solent,
1475 2950 1503 3012 ἃ

485 3034 564 3100 hanc
578 3057 639 3100 non
662 3035 702 3100 de
722 3057 811 3114 novo,
834 3037 884 3102 sod
901 3039 941 3102 ab
962 3041 1091 3121 antiquo
1109 3034 1265 3122 longisque
1288 3054 1372 3104 retro
1391 3036 1500 3111 seculis,

484 3120 731 3188 consuetudinem
751 3141 863 3201 tenent,
884 3125 961 3190 licut
973 3146 1014 3190 ex
1031 3128 1110 3191 libro
1123 3125 1161 3188 de
1175 3124 1265 3209 gellis
1284 3127 1360 3207 Julii
1373 3123 1500 3201 Casarir,

485 3208 603 3292 abipso
615 3209 792 3296 conscripto,
815 3215 958 3296 perpendi
972 3211 1080 3297 potest.
1414 3292 1418 3300 Δ

529 3297 631 3366 Solent
649 3303 730 3364 enim
745 3317 780 3362 ut
796 3301 931 3386 agiliores
943 3301 1018 3366 fiant
1031 3304 1063 3366 a
1075 3302 1168 3366 comis
1180 3301 1279 3384 capita
1293 3301 1419 3369 nudare.

526 3387 617 3449 Unde
640 3389 671 3450 8:
685 3385 778 3471 nsque
798 3391 830 3453 iu
844 3391 1023 3454 hodiernum
1035 3409 1109 3474 gene
1121 3391 1185 3452 hac
1199 3387 1368 3454 inferiorem
1380 3411 1499 3476 quoque

481 3489 543 3557 pne
555 3475 695 3560 gentibus
708 3477 773 3538 aliis
787 3477 965 3560 pilositntem
979 3480 1076 3561 magis
1093 3477 1221 3544 abradit.

522 3567 599 3626 Item
612 3565 723 3646 ingenii
731 3583 807 3667 gens
821 3561 938 3629 subtilis
952 3567 983 3628 a
995 3568 1086 3636 atuti.
1131 3569 1312 3650 Cuicuuque
1329 3564 1430 3632 studio
1441 3565 1496 3630 ani·

479 3667 564 3800 ”ll
578 3651 1399 3808 itliltlll‘ltll'{tlttliillltun
1416 3762 1493 3806 aaa

479 3824 629 3892 deliniunt
654 3826 683 3890 δι
701 3827 882 3902 demulcent,
907 3844 987 3892 tauta
1011 3829 1206 3912 modulorum
1225 3829 1378 3896 celeritate
1395 3834 1495 3916 pariter

477 3913 508 3976 ἃ
530 3909 689 3978 subtilitate
703 3913 852 3991 seruntur,
875 3932 957 3978 tanta
969 3913 1198 3999 distrepautium
1212 3913 1266 3980 sub
1280 3934 1341 3981 tam
1358 3917 1493 4001 praecipiti

477 3999 641 4085 digitorum
655 4009 815 4086 rapacitate
828 4005 1017 4069 consonantia
1032 4003 1181 4089 praestant,
1201 4022 1362 4089 quantum,
1384 4025 1420 4070 ut
1433 4011 1492 4070 bre·

363 4103 369 4114 ·
476 4091 554 4156 viter
569 4087 721 4165 transeam,
743 4093 773 4154 iu
789 4093 885 4154 tribus
899 4095 1082 4169 nationibus,
1106 4094 1195 4156 titulo
1208 4096 1246 4158 de
1259 4094 1379 4158 muficis
1392 4095 1490 4161 insitu

477 4178 595 4250 mentis,
618 4179 776 4242 Hibernica
792 4181 990 4264 topographia
1006 4182 1146 4257 declarat,
1167 4183 1225 4245 dre.

475 4353 507 4414 ἃ
520 4267 639 4418 Lshrgpps
654 4282 755 4330 autem
768 4283 898 4332 utuntur
908 4268 1107 4338 instrumentis
1122 4284 1250 4346 tautum,
1264 4270 1391 4350 eithara,
1407 4271 1488 4345 tibiis,

639 4527 728 4580 el’aoi
745 4527 776 4582 at,
841 4527 1008 4585 lAliirMS.
1074 4533 1179 4586 tPotias
1192 4533 1336 4604 genobardr.
1358 4515 1363 4526 ¹

1458 4635 1489 4699 Ill

1557 3158 1559 3209 l

1556 3214 1558 3265 l
