3392 5300
286 430 646 516 nnrvouanrr
690 432 1128 505 cocnacrannn.
1306 464 1368 535 ³47
1411 422 1414 430 '

228 558 290 621 Pro
305 557 413 621 merito
427 554 487 618 suae
508 552 689 619 strenuitatis
708 558 793 645 dedit
813 559 842 625 ei
861 542 1037 633 comitaruni
1057 571 1149 653 patris
1164 568 1217 651 sui,
1232 573 1371 625 Liberalitas

177 645 350 729 adjungens
365 648 454 707 etiam
470 643 698 707 Eboracenfium
715 649 901 715 comitatum.
1228 640 1349 690 Etlrelredt
1359 643 1386 692 i11

628 736 773 798 Lepande·
1227 706 1373 759 Uthredutu.

227 824 287 885 Hic
302 820 457 885 Uthredus
474 814 604 904 primum
621 821 710 885 duxit
728 826 759 885 in
776 846 901 890 uxorem
918 828 1099 913 Ecgsridam,
1124 834 1217 901 filiam

178 909 311 986 Alduni,
336 908 465 993 episcopi
487 911 735 987 DunholmcntiS,
759 934 830 993 quae
851 916 949 999 postea
972 920 1009 981 ab
1032 920 1083 982 1110
1102 922 1217 987 djmiffa

178 1002 319 1061 monialis
342 998 421 1061 facta
443 997 495 1073 est,
519 1000 548 1058 8:
571 1000 740 1070 Dunollrmi
762 1002 842 1065 diem
858 1007 962 1071 obiens
985 1004 1101 1091 sepulta¹
1116 1010 1158 1073 est
1180 1012 1214 1076 in

558 1139 561 1144 .
699 1138 704 1145 ,
744 1108 759 1155 d
846 1150 850 1159 .

177 1174 358 1238 cremiterio.
404 1177 454 1237 Ex
468 1171 524 1235 hac
538 1189 684 1258 genuerat
706 1174 875 1257 Alsredum,
899 1184 953 1265 qui
970 1182 1035 1267 poll
1049 1187 1215 1255 Eadulfum

180 1325 249 1389 rog:
263 1305 372 1379 Cudel,
386 1321 525 1387 patruum
536 1300 633 1383 suum,
646 1325 746 1369 comes
756 1301 825 1380 suit,
839 1308 869 1368 &
879 1308 1115 1373 Turebrandum
1126 1312 1216 1377 inter·

176 1392 262 1455 i'rc'rc.
292 1394 394 1455 Postea
407 1394 535 1454 ‹luxitin
545 1414 671 1457 uxorem
684 1395 785 1478 Sigen,
798 1392 889 1457 filiam
899 1400 977 1478 Styr.
997 1402 1107 1461 Tertio
1118 1400 1214 1484 AElgi·
1257 1444 1260 1449 -

175 1505 259 1553 vam,
280 1484 370 1544 filiun
387 1482 541 1544 Etlrelredi
555 1485 643 1566 regis,
662 1486 701 1545 erl
715 1504 777 1566 qua
792 1484 899 1547 habuit
914 1485 1009 1548 liliam
1023 1490 1213 1572 Aldgitham.

224 1576 285 1632 Die
301 1570 411 1633 llrtuto
426 1592 496 1633 curu
512 1571 645 1633 intrasset
656 1572 694 1633 ad
709 1592 811 1653 regem
827 1572 865 1635 de
880 1594 951 1657 pace
966 1576 1134 1653 locuturus,
1159 1599 1212 1661 per
1222 1583 1302 1635 Caedes
1313 1588 1379 1639 Uth-

175 1660 298 1722 inlidits
322 1659 475 1741 cujusdam
503 1662 643 1741 potentis,
668 1662 787 1722 nomine
803 1662 988 1738 Turebrant,
1012 1651 1270 1765 cognomentogdl
1286 1669 1330 1717 per

175 1750 274 1820 Hoid,
300 1752 410 1809 nrlites
437 1747 524 1828 regis,
549 1750 603 1830 qui
625 1747 689 1831 post
712 1748 812 1810 velum
826 1748 979 1813 extensum
1005 1772 1058 1835 per
1082 1730 1344 1847 tranver-,0³3¹{¹,¹„m2i}¹

176 1835 250 1899 surn.
262 1837 370 1896 tlornns
392 1833 556 1898 absconditi
571 1835 701 1911 fuerant,
725 1833 824 1899 subito
845 1838 1028 1919 prosilientes
1046 1842 1160 1905 loricati
1179 1846 1210 1907 in
1222 1852 1363 1902 Turebran·

176 1942 193 1970 a
215 1927 356 1987 l'v'ilreuttl
371 1928 512 1987 comitem
526 1946 597 1987 cum
613 1923 669 1987 suis
686 1944 747 1987 xa.
766 1927 836 1988 viris
851 1929 1078 2011 principalibus,
1101 1934 1155 2015 qui
1171 1928 1213 1995 se·
1222 1915 1289 1977 dum,

176 2078 250 2121 cunr
266 2058 460 2130 intraverant,
485 2055 752 2118 obtruncaverunt.

222 2150 297 2227 Qo
312 2142 418 2217 occiso,
442 2140 534 2206 frater
555 2141 645 2225 ipsrus
668 2140 792 2219 Eadulf,
814 2163 884 2227 cog:
906 2143 1012 2225 Cudel,
1038 2147 1163 2231 ignavus
1182 2134 1370 2211 &Radit-iffa·

176 2236 267 2295 vaide
284 2234 417 2305 rirrrilus,
441 2234 468 2292 ei
489 2228 619 2295 successit'
633 2233 663 2294 in
678 2233 868 2297 comitatum.
914 2235 1042 2297 Timens
1057 2253 1157 2299 autern
1176 2258 1213 2299 ne
1223 2232 1258 2270 ‘⁶‘
1270 2224 1371 2303 ttrlrredi

177 2326 276 2385 Scotti
294 2318 428 2383 mortens
440 2316 574 2394 suorum,
598 2341 675 2401 quos
689 2318 781 2383 frater
795 2321 869 2399 ejus,
893 2336 929 2382 ut
943 2318 1150 2404 supradidtum
1160 2323 1213 2399 est,
1224 2301 1350 2407 ἱοέὲξζζῑ,
1428 2386 1429 2389 ,

177 2410 343 2484 occiderat,
379 2411 410 2487 in
438 2408 466 2470 se
491 2408 685 2484 vindicarent,
721 2422 820 2472 totum
845 2408 1039 2475 Lodoneiurn
1069 2415 1110 2477 ob
1135 2411 1289 2477 satis-conti
1324 2441 1337 2478 a
1437 2460 1440 2466 -

176 2497 341 2561 factionem
365 2499 395 2558 8(
421 2496 540 2558 firmam
561 2496 751 2560 concordiam
779 2498 821 2558 eis
847 2497 980 2567 donavit.
1022 2502 1094 2565 Hcc
1121 2502 1214 2579 modo
1226 2488 1322 2601 2³1²}ae

177 2587 371 2652 Lodoncium
387 2583 537 2664 adjectum
553 2584 594 2648 est
610 2606 705 2668 regno
720 2588 904 2650 Scottorum.
1224 2567 1282 2668 εἰ
1300 2558 1380 2605 a'ru.

222 2679 296 2738 Cari
313 2675 469 2757 magnifice
482 2673 548 2736 satis
560 2677 590 2737 ἃ
605 2689 740 2737 accurate
752 2676 895 2738 comitem
910 2672 1034 2759 suscepit
1045 2680 1075 2741 in
1088 2679 1212 2748 domum
1223 2683 1288 2744 ean,
1307 2684 1371 2737 filius

175 2763 275 2839 suam,
301 2761 349 2826 sed
369 2761 433 2845 post
447 2764 581 2825 exhibita
607 2764 740 2840 convivia
765 2764 838 2824 dum
865 2784 944 2839 eum,
969 2767 1042 2828 nihil
1069 2753 1380 2870 suspican-Tutpbrffids

177 2870 254 2928 tem,
280 2850 364 2935 quasi
391 2850 513 2913 honoris
538 2852 632 2934 gratia
656 2852 818 2915 deduceret
843 2851 875 2913 in
895 2849 1014 2934 sylvam,
1038 2875 1107 2938 quae
1131 2832 1300 2928 Rise-licmo
1345 2845 1356 2857 ”

176 2942 255 3005 wud
283 2941 418 3014 vocatur,
443 2939 601 3013 interserit,
631 2940 686 3001 ubi
712 2937 806 3022 usque
827 2939 918 3002 hodie
936 2941 1037 3004 locum
1061 2945 1213 3009 occisionis
1224 2945 1290 2997 fredo
1302 2964 1345 2998 co.

176 3028 308 3118 parvula
322 3028 359 3090 de
374 3029 474 3110 lapide
489 3049 565 3090 crux
579 3025 717 3089 oslendit.
924 3023 925 3028 ’
1223 3018 1383 3117 riiltenindi.

224 3123 322 3180 Erant
347 3135 466 3201 nanque
491 3114 544 3177 filii
569 3115 640 3177 Carl
662 3116 852 3177 convivantes
874 3117 905 3176 in
931 3115 1023 3200 dorno
1048 3115 1146 3180 fratris
1169 3117 1380 3250 strippipsnsecem

1319 3208 1351 3239 ul.

176 3207 312 3289 majoris,
327 3205 357 3267 in
380 3204 572 3329 Setprpngton
594 3225 656 3267 non
680 3204 769 3287 longe
789 3205 828 3266 ab
850 3206 998 3282 Eborac0,
1023 3227 1100 3289 quos
1116 3209 1383 3306 implementu-

174 3399 248 3447 nate
263 3384 322 3467 qui
334 3379 408 3442 miffi
432 3378 551 3444 fuerant
574 3394 831 3464 praeoccupantes,
849 3375 922 3441 saeva
941 3381 1026 3444 clade
1044 3381 1128 3445 fimus
1147 3406 1211 3466 per·
1223 3385 1269 3462 fun
1281 3383 1344 3436 fitius

178 3484 321 3537 emerunt
340 3485 444 3551 praeter
466 3474 647 3543 Cnutonem,
670 3470 719 3529 cui
738 3489 795 3550 pro
809 3467 893 3530 insita
908 3470 950 3532 illi
966 3471 1101 3533 bonitate
1119 3475 1210 3534 viram
1222 3447 1380 3568 ἓξιῖῃῗξὲξ

178 3555 392 3645 permiserunt.
440 3557 624 3632 Sumerlede,
648 3558 702 3638 qui
723 3552 816 3637 usque
829 3555 919 3619 hodie
934 3555 1072 3640 superest,
1095 3561 1137 3622 ibi
1153 3582 1212 3622 non
1224 3553 1256 3628 cti
1268 3601 1353 3650 proge-

177 3649 295 3711 aderat.
342 3644 456 3709 Deletis
471 3645 540 3707 siliis
556 3644 760 3728 &nepotibus
776 3643 997 3723 Carli,·reversr
1012 3645 1092 3725 sunt,
1117 3649 1213 3730 multa
1224 3649 1289 3699 niem
1305 3650 1380 3706 Carti.

175 3739 208 3802 in
224 3735 314 3798 variis
329 3732 482 3818 speciebus
498 3730 590 3816 spolia
604 3747 802 3816 reportantes.

510 3833 551 3880 ubi
564 3831 705 3896 Radulphus
721 3831 820 3897 Bigotus
830 3830 960 3882 habitabat.

224 3921 265 3960 44
283 3899 410 3965 Leland.
434 3903 626 3985 Seteriugton
649 3899 738 3963 distat
757 3901 874 3984 aliquot
889 3901 1025 3986 passuum
1045 3902 1176 3967 millibus
1194 3903 1211 3967 ὲ

176 3990 341 4060 Malduno

220 4103 274 4163 Ex
288 4093 404 4176 lastaria
416 4096 561 4178 Symeonis
572 4094 711 4170 monachi,
731 4096 926 4160 Praecenroris,
935 4097 1152 4181 Dunholmenstr
1166 4123 1210 4164 ec·
1233 4123 1289 4191 Pag.
1303 4142 1365 4194 302,

266 4182 363 4267 clessae,
386 4206 472 4268 quam
479 4181 600 4265 scripstt
616 4181 650 4245 de
663 4186 780 4268 regibus
796 4185 958 4266 Anglorum
975 4190 1003 4251 dr
1020 4189 1173 4250 Danorum
1190 4189 1211 4253 ἃ

267 4276 395 4354 tempore
409 4271 492 4336 Bedae
506 4274 591 4357 usque
601 4272 643 4333 ad
652 4273 768 4334 ultimos
782 4295 872 4336 annos
882 4275 1006 4336 Henrici
1014 4276 1115 4353 primi,
1132 4284 1210 4362 regis

267 4361 405 4445 Angliae3
430 4363 476 4423 ita
491 4373 589 4424 tamen
603 4372 638 4422 ut
653 4373 724 4422 ante
740 4363 941 4444 prescriptam
954 4362 1074 4439 'hssoriae
1095 4365 1211 4428 inchoa-

226 4513 229 4516 <
268 4453 376 4528 rivum
390 4451 511 4534 incipiat
521 4449 541 4511 r>
548 4447 714 4534 genealogia
722 4471 825 4533 regam
839 4451 1212 4530 continuandorum

374 4551 378 4562 Ι
493 4588 509 4624 6
523 4560 573 4634 Sic,
589 4585 638 4621 cum
658 4568 719 4617 daed·
728 4569 863 4639 pandisset
875 4588 900 4636 u,
1047 4561 1056 4569 .

668 4641 735 4714 Xx
758 4657 776 4714 2
1052 4639 1218 4720 Ethelberti

1222 3318 1301 3378 theof,
1312 3322 1355 3385 qui
1427 3337 1431 3342 ·
1534 3311 1540 3323 ’
