3392 5300
988 206 1052 231 W

344 418 389 493 aa
575 416 943 497 ‚Jonnrurs
998 413 1320 480 Luuaunr

471 546 566 627 modo
580 546 685 611 vinclis
700 546 881 622 vinciendas,
904 542 955 611 sed
965 542 1122 609 instrusias
1133 544 1232 629 peltis,
1246 544 1377 625 ensibus,
1399 544 1494 623 bastin,

473 636 503 697 ἃ
518 636 556 696 ad
572 634 683 707 caedem
706 650 859 717 promptas
874 631 1086 716 protenderent
1099 653 1216 710 manus,
1238 630 1396 701 suadentes
1419 638 1496 718 (⁴⁰⁸¹

473 722 617 809 quiahoc
638 725 784 806 putabant
804 720 920 803 aliquid
938 720 1171 805 derelinquendo
1192 722 1307 806 populo
1320 721 1495 807 adcrescere)

830 828 963 885 murum,
997 804 1089 873 buon
1113 810 1251 883 alterum,
1278 808 1402 894 sumptu
1428 812 1498 896 pub.

352 902 543 973 Hismarus,
568 895 785 961 utBedascri·
830 898 1020 980 privatoque,
1054 896 1203 979 adjunsiis
1227 894 1329 962 secum
1352 895 1496 963 miserabi-

308 993 363 1064 bit,
380 990 417 1050 de
426 986 520 1050 solido
530 985 626 1069 lapide
636 982 733 1049 uuus
745 984 787 1057 est
815 986 910 1049 libus
934 984 1092 1067 indigenis,
1117 981 1203 1047 solito
1223 983 1382 1049 struslurae
1405 1009 1497 1064 more,

283 1090 361 1169 fiper
376 1075 528 1141 intervalla
544 1075 677 1139 urbium.
834 1074 953 1135 tramite
973 1070 1079 1139 aimari
1092 1070 1239 1155 usquead
1257 1094 1340 1137 mare
1358 1076 1439 1139 inter
1452 1097 1498 1139 ur·

832 1161 896 1234 bes,
918 1180 988 1243 quae
1012 1158 1126 1224 ibidem
1147 1158 1227 1223 sorte
1247 1161 1290 1225 ob
1310 1170 1429 1225 metum
1447 1164 1498 1226 ho·

473 1249 564 1319 stium
575 1250 726 1319 collocatae
740 1246 870 1323 fueraut,
894 1246 1011 1311 directo
1024 1246 1186 1323 aedificant,
1200 1245 1291 1311 sortia
1303 1248 1498 1315 formidoloso

477 1339 591 1421 populo
605 1340 722 1401 monita
737 1337 870 1408 tradunt,
891 1334 1070 1420 exemplaria
1083 1333 1334 1408 instituendorum
1346 1358 1500 1407 armorum

200 1430 208 1473 l
310 1404 439 1525 {mg}
476 1428 661 1509 relinquunt,
685 1429 716 1488 in
739 1426 837 1489 littore
852 1423 1092 1507 quoqueoceani
1111 1423 1151 1487 ad
1165 1425 1359 1494 meridianam
1373 1426 1497 1511 plagam,

310 1542 390 1597 oceani
402 1539 452 1605 P12.
476 1535 539 1595 quo
557 1533 644 1577 naves
666 1534 772 1577 eorum
793 1512 982 1577 habebantur
1006 1512 1091 1595 (quia
1109 1514 1139 1574 dr
1154 1512 1232 1575 'inde
1255 1512 1420 1579 barbaricae
1432 1511 1500 1579 sera

288 1656 290 1663 .
309 1622 339 1686 ga
349 1606 438 1675 posta.
476 1599 576 1665 bestiae
592 1601 785 1679 timebantur)
811 1618 907 1663 turres
925 1621 977 1682 pet
991 1596 1144 1666 intervalla
1156 1599 1195 1662 ad
1210 1598 1399 1683 prospectum
1412 1600 1499 1667 maris

476 1689 636 1764 collocant,
660 1688 842 1764 valedicunt,
867 1704 1010 1771 tanquam
1023 1706 1086 1751 nou
1099 1687 1179 1749 ultra
1192 1685 1348 1753 reversuri.

698 1834 703 1843 ,
876 1779 983 1863 Itaque
996 1774 1055 1838 illis
1068 1774 1105 1839 ad
1118 1771 1170 1839 sua
1180 1776 1397 1853 remeantibus,
1410 1798 1499 1842 emer·

353 1861 789 1929 RevertunturScotti&Pisii
832 1877 912 1949 gunt
938 1865 1074 1933 certatim
1097 1864 1136 1927 de
1158 1876 1170 1908 ⁶
1188 1865 1352 1940 carruchis,
1389 1866 1499 1950 quibus

309 1952 349 2023 ad
363 1950 461 2015 solitas
475 1953 601 2035 praedas.
1031 1970 1062 2020 ch
1138 2008 1141 2011 ,
1285 1959 1287 1964 ’

726 2066 730 2073 ·
832 2036 901 2106 sunt
916 2053 997 2101 trans
1012 2038 1157 2120 Styticam
1169 2038 1278 2103 vallem
1290 2038 1386 2101 evecti
1407 2038 1499 2123 (quasi

456 2126 635 2193 Similitudo.
673 2154 675 2159 s
833 2129 864 2189 in
878 2126 940 2192 alto
953 2128 1073 2201 Titane,
1090 2123 1342 2211 incalescenteque
1354 2145 1499 2203 caumate,

674 2208 677 2215 ’
834 2217 873 2278 de
902 2214 1064 2277 arctissimis
1100 2212 1285 2281 foraminum
1312 2212 1500 2279 cavemiculis

354 2302 566 2365 Diffinrilitudo
601 2322 723 2377 morum
757 2303 788 2365 in
831 2301 906 2367 susci
928 2300 1159 2379 vermiculorum
1179 2305 1281 2382 cunei)
1304 2304 1373 2365 tetri
1397 2306 1500 2367 Sooto·

259 2398 264 2403 ’
311 2395 421 2459 Scotris
435 2393 465 2453 dr
478 2391 579 2454 Pislis.
832 2412 901 2457 rum
925 2389 1139 2473 Pictorumque
1163 2410 1278 2474 greges,
1310 2392 1447 2455 moribus
1466 2412 1502 2457 ex

743 2534 745 2541 ,
835 2494 918 2561 parte
932 2476 1108 2551 diffidentes,
1131 2479 1162 2541 a
1175 2497 1237 2541 una
1255 2477 1423 2562 eademque
1442 2474 1501 2543 san·

350 2568 451 2647 xScotti
475 2568 504 2629 a
527 2565 605 2632 Pisii
628 2566 712 2628 nudo
726 2562 788 2629 sere
832 2567 932 2647 guinis
964 2564 1114 2630 suadendi
1150 2565 1291 2629 aviditate
1329 2567 1499 2642 concordes,
1565 2617 1566 2626 ,

310 2677 442 2738 corpore,
466 2657 497 2717 id
518 2655 603 2741 quod
624 2654 713 2721 etiam
728 2657 787 2716 He·
832 2652 1046 2738 furciferosque
1067 2654 1161 2738 magis
1182 2655 1286 2718 vultus
1309 2654 1389 2736 pilis,
1411 2675 1501 2740 qnam

311 2746 464 2816 rodianus,
488 2745 613 2808 Graeeus
635 2759 733 2818 autor,
757 2745 788 2806 in
833 2764 995 2826 corporum
1016 2742 1168 2824 pudenda,
1184 2740 1388 2825 pudendisque
1401 2745 1503 2827 proxi·

312 2835 422 2902 Severo
438 2827 549 2892 scribit.
833 2851 893 2905 rna,
906 2828 1044 2907 vestibus,
1060 2843 1211 2914 tegentm3
1232 2831 1417 2916 cognitaque
1425 2853 1503 2897 con·

833 2919 1007 2982 debitortrm
1032 2917 1209 2994 reversione,
1231 2919 1261 2982 sc
1283 2918 1398 2982 reditus
1417 2920 1503 2991 dme-

345 3005 421 3068 Picti
429 3006 458 3067 in
465 3003 627 3088 aquilonari
637 3006 788 3088 parteBti7
832 3007 963 3090 gatioue,
982 3002 1072 3070 solito
1090 3005 1323 3073 confidentiores
1336 3027 1461 3072 ornnem
1474 3029 1504 3070 a·

313 3095 424 3172 tannim
438 3089 518 3168 sedes
535 3111 663 3176 ponunt.
834 3092 1028 3177 qniromlem,
1043 3110 1270 3178 extremamque
1285 3109 1374 3158 terrae
1388 3112 1504 3178 partem
1566 3134 1567 3175 3

835 3188 891 3264 pr'o
919 3181 1065 3266 indigenis
1099 3203 1189 3246 muro
1221 3202 1307 3246 renus
1341 3185 1503 3266 capessunt.
1566 3180 1567 3253 l

480 3270 630 3332 Statuitur
644 3269 682 3330 ad
696 3268 760 3332 haec
774 3271 805 3333 in
820 3270 902 3332 edito
912 3271 988 3339 arcis
1001 3272 1078 3333 acies
1092 3266 1189 3354 segnis
1203 3269 1241 3333 ad
1253 3290 1399 3352 pugnam,
1420 3273 1504 3335 inha-
1565 3258 1567 3393 l

388 3370 390 3375 ·
479 3357 549 3420 bilis
563 3377 597 3418 ac
620 3359 814 3428 trementibus
829 3358 1004 3441 praecordiis
1016 3359 1128 3442 inepta,
1151 3353 1343 3443 quaediebus
1359 3379 1393 3422 ac
1409 3360 1505 3424 notti-

480 3444 537 3506 bus
550 3442 672 3526 stupido
687 3443 767 3516 sedili
780 3447 944 3510 marcebat.
1041 3515 1045 3520 ,
1318 3505 1323 3513 .

409 3583 412 3588 .
880 3537 995 3605 Interea
1023 3553 1084 3596 nort
1107 3532 1215 3599 cessant
1240 3535 1378 3609 uncinata
1407 3533 1505 3605 undo·

357 3629 493 3704 impetus
509 3623 685 3696 Scottorum
701 3622 730 3683 dr
744 3621 793 3684 Pi·
836 3643 908 3687 rum
922 3623 988 3695 tela,
1005 3621 1117 3703 quibus
1127 3618 1281 3688 miserrimi
1292 3622 1370 3684 cives
1386 3620 1427 3685 de
1440 3644 1522 3697 rnu-v

315 3709 434 3784 storum
450 3711 482 3778 iu
497 3710 655 3776 Britannos
671 3729 792 3780 murum
836 3712 878 3775 ris
892 3707 980 3774 uasti
994 3705 1056 3772 solo
1069 3709 1276 3772 allidebantur.
1314 3711 1379 3771 Hoc
1397 3707 1508 3774 scilicet

313 3793 517 3872 defendentes.
833 3799 878 3860 eis
906 3797 1047 3880 proderat
1070 3798 1239 3872 immaturae
1263 3797 1371 3860 mortis
1394 3795 1507 3882 suppli·

835 3887 928 3962 cium,
943 3884 1038 3968 quod,
1054 3886 1109 3967 qui
1121 3884 1169 3947 tali
1180 3882 1287 3959 sunere
1301 3884 1506 3966 rapiebantur,

215 4011 217 4020 ι
345 3971 405 4034 tas·
418 3976 459 4036 08·
481 3967 606 4044 fratrum
623 3971 845 4056 pignorumque
864 3971 987 4050 suorum
999 3970 1177 4036 miserandas
1198 3971 1389 4047 imminentes
1402 3993 1508 4055 poenas

481 4062 541 4120 ciro
554 4061 638 4134 exitu
652 4059 833 4126 devitabant.
877 4059 963 4145 Qrid
981 4061 1068 4144 plura
1082 4065 1092 4122 i
1117 4059 1240 4122 Relisiis
1252 4061 1423 4122 civitatibus
1437 4083 1507 4124 mu·

482 4167 579 4229 roque
592 4144 679 4234 celso,
701 4151 811 4228 iterum
824 4149 882 4220 illis
896 4148 991 4231 sugat,
1013 4150 1121 4211 iterum
1135 4145 1327 4230 dispersiones
1351 4145 1438 4211 solito
1454 4150 1505 4214 de·

243 4263 248 4271 =
316 4273 370 4342 ‘rum
387 4231 692 4324 caedesusperarrliores.
738 4237 868 4306 ltemab
882 4232 1192 4310 bosteinsesiatiodes,
1214 4237 1287 4301 item
1299 4235 1409 4319 strages
1423 4257 1506 4300 accee

318 4340 461 4408 arnigauso,
480 4321 613 4402 letantur
627 4321 825 4402 crudeliores,
846 4325 877 4388 sc
896 4323 973 4388 srcut
993 4326 1062 4409 agni
1079 4323 1097 4387 ri
1115 4323 1293 4402 lanionibus,
1315 4325 1357 4386 ita
1376 4323 1507 4397 deflendi

315 4210 445 4267 britanno-

601 4495 774 4579 aQiadcal.
807 4495 1154 4564 anonutaiterum,drc.
1186 4496 1382 4550 aeramentis.

1426 4583 1507 4667 tius
