3392 5300
286 431 1118 553 nurrounrtticontremunt.
1296 438 1366 544 aql

186 585 314 671 polenii,
338 585 378 649 src
401 586 476 647 Deie
499 582 515 647 a
537 584 623 647 borea
646 580 701 647 sub
725 582 868 647 Cestrensr
888 587 1038 650 Gualliam
1053 589 1091 648 ab
1106 583 1216 667 Anglia
1248 635 1254 647 .

187 672 322 748 secernit,
347 674 377 734 8<
393 666 512 754 separat.
557 675 642 745 Item,
666 672 701 732 ut
716 672 842 733 afferunt
857 674 974 748 accolae‚
997 694 1075 755 aqua
1089 673 1141 735 isla
1155 672 1214 735 fin·

185 764 268 845 gulis
283 759 429 824 mensibus
444 759 520 821 vada
532 774 692 841 permutat.
740 760 862 821 Flu-vius
874 758 926 821 ille
941 762 978 822 de
990 762 1055 822 lacu
1066 762 1212 843 quodam,

186 852 237 911 cui
255 868 366 913 nomen
381 844 599 920 Pemelesmere,
622 848 767 929 originem
783 848 877 918 ducit,
893 849 921 908 dt
937 869 1006 909 cum
1023 848 1215 911 Salmonibua

186 937 242 998 flu.
261 936 404 1009 abundet,
427 955 582 1017 nunquam
599 950 696 995 tamen
718 935 748 994 in
763 933 828 995 lacu
846 933 927 1017 pistis
948 932 1114 1014 hujusmodi
1131 947 1213 1017 repe-T

185 1025 277 1087 titur.
322 1026 389 1087 Hoc
413 1022 503 1085 etiam
528 1022 566 1083 de
589 1022 693 1083 eodem
720 1022 772 1083 flu.
801 1023 932 1110 notabile
958 1025 1094 1103 reperies,
1127 1022 1213 1105 quod

184 1110 297 1194 pluviis
323 1130 490 1195 nunquam,
522 1108 695 1191 frequenter
718 1118 818 1187 autem
841 1110 871 1171 dr
895 1108 959 1173 sere
982 1108 1096 1193 semper
1118 1107 1214 1174 tentia

186 1200 349 1263 exuberat.

231 1287 383 1360 Vidimus,
399 1284 483 1368 quod
500 1285 529 1347 a
544 1286 574 1347 iu
588 1284 682 1347 oculis
697 1282 804 1347 nostris
820 1290 933 1348 norum
948 1287 1096 1369 apparuit,
1114 1280 1214 1351 caseos

183 1375 333 1435 cervinos.
378 1372 528 1435 Comitissa
543 1392 671 1455 nanque,
688 1375 717 1435 dt
731 1374 848 1435 comitis
860 1382 962 1448 mater,
985 1383 1083 1437 cervai
1098 1372 1212 1439 habene

181 1460 373 1537 domesticas,
407 1480 446 1523 ex
470 1460 634 1523 earundem
661 1459 738 1521 latre
766 1461 923 1543 coagulato
948 1464 1005 1523 tres
1032 1459 1129 1524 caseos
1159 1480 1212 1527 ex·

182 1548 308 1631 pressos,
331 1550 361 1611 8<
378 1544 484 1611 fiscella
498 1545 656 1621 formatos,
679 1544 901 1630 archiepiscopo
915 1547 1119 1631 praeseutavit.·

229 1635 300 1699 Visa
323 1634 365 1701 est
389 1636 477 1697 etiam
507 1636 537 1697 in
566 1634 641 1697 urbe
670 1633 814 1697 Castrenst
843 1634 947 1699 nostris
972 1637 1081 1699 diebus
1104 1635 1211 1700 mulier
1283 1678 1286 1683 -

182 1744 292 1787 manca
313 1720 508 1805 manibusque
532 1730 630 1785 caren's
656 1721 674 1784 i
699 1723 863 1786 nativitate.
907 1726 967 1787 Cui
991 1739 1089 1787 tamen
1108 1742 1212 1788 contra

182 1811 341 1875 desedium
360 1810 448 1873 istum
470 1810 527 1873 tale
542 1811 707 1873 remedium
727 1811 860 1886 dederat,
884 1827 919 1874 ut
942 1813 1029 1894 pedes
1053 1827 1112 1873 tam
1126 1810 1212 1872 flexi·

183 1900 274 1974 biles,
300 1914 360 1961 tam
376 1900 543 1963 delicaciter
559 1899 740 1971 articulatos,
763 1897 897 1972 haberet,
920 1901 1005 1981 quod
1020 1899 1211 1967 articulorum
1306 1910 1310 1917 '

181 1987 364 2069 proceritate
380 1987 488 2071 pariter
511 2006 545 2047 ac
565 1984 750 2049 flexibilitate
766 2005 824 2048 non
839 1987 937 2049 miuus
953 1984 1096 2053 subtiliter
1119 2006 1212 2066 quara
1364 1993 1370 2010 '

179 2074 252 2139 aliae
277 2074 414 2152 mulieres
440 2094 496 2141 aru
521 2070 603 2137 suere
625 2070 820 2148 consueverit,
845 2076 876 2158 a
900 2074 1046 2157 quicquid
1070 2072 1213 2138 ai‘sorfice

181 2162 326 2225 manibus
341 2158 415 2224 ‘sieri
430 2158 513 2236 solet,
536 2161 610 2221 citra
624 2158 773 2223 desedium
794 2182 924 2239 omnem,
948 2182 1018 2223 cum
1029 2161 1212 2231 intuentium

183 2250 385 2313 admiratione
400 2251 527 2333 pedibus
537 2247 594 2310 ista
607 2246 779 2331 ¹compleret.

246 2356 392 2405 treenta
601 2408 606 2415 ,
687 2356 689 2360 ·
1077 2410 1083 2419 ,

180 2454 187 2473 ‹
228 2422 337 2487 Versus
363 2424 477 2487 Album'
500 2420 707 2485 monasterium
729 2424 785 2485 iter
810 2407 1066 2505 aggre'ffisumu's,
1090 2425 1119 2484 tt
1137 2423 1213 2501 inde

181 2510 283 2573 versus
301 2508 512 2586 Osuualdslret,
537 2512 601 2585 ubi,
616 2525 757 2591 tanquam
769 2511 800 2571 iu
814 2509 874 2592 ipsa
889 2514 1018 2594 regionis
1032 2510 1212 2571 Powisrensrd

183 2621 250 2672 ora,
276 2614 469 2663 occurrerunt
484 2598 568 2662 nobis
581 2596 712 2661 Powisrae
725 2598 873 2682 principes
886 2601 1055 2681 Griphiuus
1078 2598 1214 2678 (nladoci

184 2688 282 2768 filius)
309 2689 421 2762 Elisset,
440 2688 470 2748 8<
484 2687 544 2750 alii.
871 2701 877 2712 ·

178 2761 185 2772 ’
228 2775 323 2858 Apud
339 2773 549 2838 Oswaldsireat
566 2773 811 2856 pernodiavimus‚
828 2770 1021 2843 iGulielmo
1039 2773 1125 2836 Alani
1141 2747 1213 2862 lilio)

178 2863 293 2942 juvene
317 2864 411 2926 nobili
437 2883 470 2924 ac
496 2863 619 2937 liberali,
656 2863 695 2927 ad
724 2864 922 2944 importunam
949 2860 1078 2942 ejusdem
1105 2862 1211 2926 instari·
1307 2912 1311 2920 .
1363 2922 1370 2932 ,

178 2952 271 3034 tiam,
286 2953 459 3040 An'glicanae
473 2946 705 3033 sumptuosrtatis
720 2947 802 3014 more
816 2946 967 3032 splendide
983 2952 1069 3010 nimis
1087 2951 1213 3014 &laute

183 3041 351 3122 p'rocurals.
586 3113 588 3118 Ι
775 3055 852 3102 Verba
864 3043 957 3110 militis,
973 3049 1067 3099 cmc'em
1077 3047 1214 3104 lemmatis.

228 3121 419 3210 Priusquam,
434 3125 544 3208 inquit,
568 3123 685 3186 domini
699 3123 756 3183 mei
771 3139 899 3183 mortem
919 3119 974 3180 hac
989 3112 1098 3190 lancea,
1121 3141 1213 3202 quam

184 3235 278 3278 mauu
294 3213 387 3297 gesto,
411 3213 608 3286 vindicavere,
633 3211 752 3272 monitis
772 3217 830 3270 non
847 3205 1055 3288 adquiescam3
1079 3209 1300 3281 Oeneumou'r'a·t

183 3301 364 3386 significans,
386 3302 505 3364 Madoti
532 3301 640 3374 filium,
672 3301 772 3360 virum
794 3295 960 3378 egregium,
988 3295 1028 3354 ab
1050 3297 1153 3367 Oeneo
1174 3297 1211 3357 de
1221 3288 1318 3400 ζῇς
1330 3353 1367 3401 aa·

183 3390 357 3466 Keueilauc‚
380 3385 555 3462 consobrino
573 3383 636 3462 suo,
669 3381 769 3446 dolose
794 3402 901 3463 nuper,
929 3382 959 3442 a
986 3378 1122 3443 scelerose
1144 3404 1211 3465 per·
1312 3416 1376 3466 pm

186 3495 382 3560 emptum...
1021 3545 1023 3549 ,
1107 3541 1109 3546 ,
1223 3480 1377 3559 ’Rodunt

229 3569 266 3628 ln
282 3547 339 3630 stac
352 3561 470 3626 Wa'lliae
481 3572 528 3646 3²,
551 3562 690 3646 portione
699 3555 764 3620 sunt
779 3556 891 3640 equitia
907 3556 1081 3640 peroptima,
1098 3555 1210 3640 &equi
1220 3546 1368 3660 ffiffi

183 3652 322 3716 emissarii
338 3647 537 3715 laudatilsrmi.
1185 3675 1201 3710 ,ν
1221 3674 1377 3727 ήωρῂὴ,

229 3739 377 3824 Progressi
399 3736 500 3802 sumus
522 3737 592 3803 inde
616 3733 715 3799 versus
736 3729 960 3814 Slopestiiriam,
977 3727 1135 3794 aiSabrino
1154 3729 1211 3794 flu.
1232 3759 1291 3824 rag.
1301 3773 1360 3818 tva·

185 3829 388 3910 complexam.
817 3900 819 3904 .

231 3915 363 3979 Prosedii
377 3911 477 3976 sumus
497 3911 568 3975 in'de
582 3907 680 3973 versus
701 3907 876 3972 Gueneloch
897 3925 949 3989 per
964 3904 1076 3967 arsiam
1090 3907 1165 3970 tiam
1180 3908 1211 3969 dt

184 4020 381 4088 preruptam,
404 4021 495 4084 quam
512 3999 620 4062 malam
635 3999 761 4081 plateam
777 4011 895 4057 vocant.
1108 4063 1113 4077 ι

233 4079 443 4153 Tranfivtmus'
461 4087 684 4150 aiGueneloche
702 4093 753 4166 p'er
768 4083 904 4146 cellulam
921 4081 959 4144 de
973 4078 1134 4155 Bramseld,
1158 4104 1210 4164 per

185 4165 290 4240 nobile¹
315 4176 441 4240 castrum
457 4179 494 4237 de
510 4174 673 4248 Ludelau'e,
698 4191 749 4254 per
765 4173 874 4233 Leonis
890 4167 1096 4233 monasterium
1116 4166 1211 4254 usque
1291 4182 1293 4189 '

186 4257 349 4339 Heresord,
373 4263 516 4324 Melenith
542 4264 570 4322 8r
595 4261 715 4322 Elenith
739 4260 755 4320 d
776 4260 886 4322 dextra¹
904 4257 1021 4327 renna,
1045 4255 1061 4317 ai
1088 4258 1209 4340 pundio,
1261 4253 1269 4264 ⁸

187 4371 253 4434 quo
276 4372 329 4434 per
344 4351 494 4413 Guallia'm
517 4346 697 4423 laboriosum
710 4348 767 4409 hoc
781 4350 836 4408 iter
853 4344 1044 4427 arripuimus,
1069 4363 1211 4429 tanquam

186 4439 224 4502 iu
237 4442 346 4502 circino
360 4437 529 4512 circuendo,
548 4436 590 4519 ‚ad
607 4434 753 4518 pundium
768 4433 868 4496 denuo
876 4433 938 4510 jam
952 4430 1070 4495 reversi.
1111 4448 1115 4452 ’
1230 4442 1250 4470 ⁴⁹
1351 4443 1356 4448 '

529 4547 542 4577 *
560 4547 606 4606 Sic,
622 4553 672 4599 rum'
682 4542 743 4594 Ealrc
753 4542 827 4611 supra
838 4541 879 4592 lt'tt.
1316 4523 1323 4530 “

239 4618 395 4682 Tora-ll.
678 4697 683 4707 .
744 4613 772 4672 O
1106 4594 1133 4672 B
1146 4580 1222 4670 libro
