3392 5300
267 367 271 375 Ι
350 430 395 509 48
646 429 947 512 JOANNIS
1002 420 1321 496 LELANDs
1396 491 1399 500 ,
1563 207 1571 516 ¹

474 573 595 646 propter
616 560 709 626 sidem
728 579 798 645 quae
815 560 880 640 ejus
904 575 1038 644 tempore
1060 560 1189 624 venitin
1211 563 1408 626 Britanniam·

1007 659 1111 724 passuum

514 731 571 793 Per
584 746 706 793 centum
720 750 790 792 veto
805 731 835 791 8(
848 749 925 792 m.
947 728 1037 792 millia
1059 731 1093 790 P.
1109 729 1141 790 id
1156 724 1207 805 est,
1231 729 1402 815 aPengual,
1424 752 1491 816 quae

618 859 636 895 ἢ
766 858 786 894 ff
1004 857 1023 894 Ψ

472 905 704 968 villaaScoutce
718 905 834 978 Cenail,
857 904 948 985 ungi.
963 901 1106 966 Penelton
1122 903 1242 979 dicitur,
1262 901 1408 986 usquead
1424 904 1492 968 ostia

473 1012 527 1054 um
550 993 643 1055 Cluth
670 992 723 1056 flu.
749 995 780 1054 ἃ
803 994 874 1054 Cair
895 990 1065 1064 Pentaioch‚
1089 1013 1152 1074 quo
1178 1013 1282 1054 murus
1308 993 1357 1054 ilie
1378 993 1490 1064 finitur,

471 1078 582 1149 russico
592 1100 681 1162 opere
689 1084 811 1167 Severna
822 1078 867 1140 iile
878 1078 1038 1160 praedisius
1046 1077 1215 1151 construxit,
1226 1077 1274 1141 sed
1286 1080 1358 1140 nihil
1369 1080 1492 1161 profuit,

514 1169 655 1230 Carutius
674 1165 773 1248 postea
788 1169 947 1248 imperator
964 1165 1160 1240 reedificavit,
1184 1168 1214 1228 ἃ
1234 1164 1345 1246 septem
1369 1167 1490 1230 cassellis

469 1256 597 1316 munivit
612 1256 688 1315 inter
710 1269 837 1336 utraque
852 1252 933 1327 ostia,
958 1253 1144 1336 domumque
1159 1255 1318 1316 rotundam
1336 1255 1433 1336 politis
1451 1258 1489 1318 la·

470 1343 592 1424 pidibns
613 1339 698 1422 super
711 1344 805 1424 ripam
824 1341 879 1402 flu.
901 1344 1013 1415 Carnu,
1037 1341 1121 1422 quod
1137 1346 1153 1407 i
1168 1339 1219 1404 suo
1243 1341 1364 1404 nomine
1387 1361 1491 1407 nomen

469 1431 592 1512 accepit,
607 1426 760 1503 fornicem,
776 1431 808 1490 in
823 1429 955 1491 visioriae
970 1431 1153 1502 memoriam,
1169 1431 1285 1514 erigens
1297 1427 1470 1494 construxit.

635 1576 638 1583 ,
734 1526 784 1590 sup.
797 1527 922 1574 Britannos
935 1527 1112 1574 Armoricanos.

515 1593 604 1656 Unde
624 1595 654 1655 &
669 1615 724 1656 nos
745 1594 810 1656 illos
832 1611 970 1656 vocamus
985 1597 1015 1656 in
1031 1592 1127 1655 nostra
1146 1593 1248 1676 lingua
1264 1594 1438 1670 Letewicio,
1462 1593 1491 1656 id

471 1679 522 1756 est,
546 1678 755 1754 semitacenteo,
779 1683 923 1763 quoniam
939 1678 1059 1744 confuse
1073 1681 1249 1762 loquuntur.

514 1765 784 1849 Guasmoricjuxta
794 1770 994 1853 Lngubaliam
1004 1769 1046 1832 ibi
1057 1767 1213 1832 'aedificavit
1225 1767 1341 1843 urbem,
1355 1787 1422 1852 quae
1431 1772 1492 1832 An·

583 1889 613 1929 tv

469 1957 568 2042 giiceb
582 1954 771 2021 Palmecastre
786 1959 907 2022 dicitur.
948 1957 1071 2022 Leiand.
1109 1959 1179 2020 Haec
1199 1970 1339 2019 annotata
1353 1973 1437 2020 erant
1459 1979 1494 2021 eo

470 2088 548 2160 loco,
572 2109 635 2170 quo
649 2089 778 2149 Neanius
802 2087 839 2147 de
854 2085 1094 2176 Cairuortbigirn
1118 2084 1264 2166 praesrdio,
1283 2083 1493 2171 aiVo'rtegirno

471 2173 653 2250 construsio,
676 2176 866 2255 loquebatur.

514 2261 570 2326 Iste
592 2266 752 2338 Vortetnir,
778 2261 858 2322 filius
883 2259 1063 2343 Vortegirni,
1095 2260 1126 2320 in
1149 2255 1264 2341 syuodo
1289 2259 1390 2322 habita
1413 2259 1493 2343 apud

927 2357 977 2420 sup.
991 2355 1155 2419 Vortegirnus.
1391 2352 1393 2358 '

471 2427 711 2490 Gnartherniauu
724 2425 880 2508 postquam
893 2421 1036 2485 nefandus
1048 2444 1100 2485 rex
1112 2423 1151 2484 ob
1161 2420 1311 2497 incestum,
1323 2443 1414 2504 quem
1427 2444 1500 2486 cuna

470 2514 532 2577 filia
546 2512 740 2584 commiserat,
765 2511 781 2571 a
801 2510 875 2574 satie
890 2511 1031 2573 Germani
1052 2512 1082 2570 8e
1097 2509 1268 2572 clericorum
1287 2513 1449 2572 Britanniae
1464 2515 1493 2573 in
1574 2571 1575 2594 ,

370 2626 372 2635 ’
471 2602 575 2685 sugam
591 2604 655 2674 iret,
679 2600 769 2683 patris
792 2601 932 2681 nequitiae
954 2594 1116 2661 consentire
1135 2597 1238 2672 noluit,
1262 2594 1309 2659 sed
1325 2598 1441 2661 rediens
1457 2599 1493 2661 ad
1569 2625 1571 2632 ·

473 2693 506 2751 S.
519 2693 702 2751 Germanum
716 2687 754 2748 ad
770 2688 859 2768 pedes
873 2689 936 2767 ejus
950 2688 1056 2750 cecidit
1069 2689 1182 2747 veniam
1202 2684 1359 2766 postulans.
1394 2690 1494 2770 Atque

472 2797 527 2858 pro
549 2776 670 2838 illataai
695 2790 775 2857 patre
800 2771 852 2836 suo
875 2777 905 2837 &
932 2773 1028 2838 sorore
1049 2768 1149 2834 sarisio
1172 2776 1323 2854 Germano
1346 2774 1494 2838 calumnia

470 2880 579 2926 terram
603 2860 704 2945 ipsam,
728 2863 839 2944 inqua
861 2863 1020 2943 praedisius
1040 2859 1194 2942 episcopus
1218 2861 1416 2942 obprobrium
1438 2863 1494 2926 tale

470 2948 617 3025 sustinuit,
641 2953 671 3013 in
695 2966 837 3012 aeteruum
859 2947 939 3011 suam
954 2949 1020 3011 fieri
1036 2948 1168 3011 sanxivit.
1214 2948 1352 3010 Unde&
1377 2951 1409 3011 in
1433 2971 1492 3013 me·

470 3041 593 3101 moriam
609 3042 639 3100 S.
656 3040 797 3099 Germani
812 3039 1026 3100 Guarenniauu
1043 3057 1160 3109 nomen,
1183 3034 1266 3117 quod
1282 3039 1389 3098 Latine
1411 3034 1493 3100 sonat

468 3128 614 3189 calumnia
632 3122 710 3206 jusie
732 3143 852 3200 retorta,
877 3127 1017 3209 quoniam
1039 3144 1110 3185 cum
1130 3122 1301 3207 episcopum
1324 3126 1492 3208 vituperare
1575 3152 1576 3155 ¹

470 3231 636 3297 putaverat,
661 3212 845 3295 semetipsum
861 3214 1009 3295 vituperio
1023 3208 1142 3274 adfecit.

307 3322 363 3384 Peg.
374 3336 415 3379 ⁴7.
514 3305 549 3363 Iu
564 3302 719 3363 Lincoluia
735 3303 814 3362 enirn
832 3298 965 3383 sepultus
982 3298 1035 3363 est.

270 3422 273 3429 .
305 3383 455 3434 Vortimerur
649 3402 662 3434 e

304 3449 409 3564 ῗξέἐξΰῑ
470 3468 530 3605 fss
547 3453 728 3563 Maponie.
738 3452 818 3515 filius
831 3454 988 3529 horribilis,
997 3450 1167 3536 quoniami
1173 3450 1299 3534 pueritia
1308 3448 1494 3515 suacrudelia

485 3564 515 3605 ur
533 3588 540 3605 .

304 3628 416 3678 Annuus
513 3628 624 3691 Arsiur
638 3630 745 3698 Latine
760 3614 934 3690 transsatum
950 3624 1031 3690 sonat
1046 3624 1146 3689 ursum
1163 3626 1344 3702 horribilem,
1361 3626 1408 3689 vel
1422 3626 1493 3691 urai-

304 3692 374 3745 ωε·
469 3715 550 3781 lenm
566 3715 706 3791 ferreum,
729 3737 794 3799 quo
807 3715 1036 3800 confringuntur
1049 3713 1064 3760 d
1072 3717 1158 3779 molae
1173 3715 1308 3777 leonum.

513 3851 578 3925 Ida,
597 3848 677 3913 silius
689 3865 701 3897 θ
711 3850 829 3924 Eubba,
848 3854 944 3913 tenuit
956 3853 1088 3934 regiones
1103 3854 1133 3916 in
1147 3822 1279 3916 'saturali
1300 3866 1382 3933 parte
1398 3856 1493 3915 Hum·
1574 3930 1576 3943 Ι

808 3950 872 4035 'bri
887 3972 974 4035 maris
990 3970 1044 4033 xii.
1066 3974 1162 4047 anuis,
1187 3974 1216 4034 &
1234 3971 1336 4052 junxit
1353 3990 1452 4035 arcem
1463 3972 1493 4036 id

314 4091 317 4099 ·
345 4051 445 4117 Verba
464 4054 503 4118 stc
522 4055 636 4141 stgnata
660 4076 698 4115 ⁴4
715 4079 780 4121 cor·
1111 4130 1117 4141 ι
1313 4064 1315 4069 ’
1393 4079 1431 4114 4,
1485 4074 1490 4083 ·

303 4158 393 4225 rupte
406 4140 512 4235 scripta
529 4142 605 4210 sunt.
824 4146 992 4229 dingneiriu
1007 4145 1035 4209 ἃ
1050 4145 1267 4223 Gurdbirneth,
1287 4165 1355 4229 quae
1367 4146 1435 4208 duae
1449 4167 1492 4209 re·

893 4252 932 4287 ea
1112 4251 1150 4287 aa

500 4396 515 4427 a
533 4380 579 4437 Sic,
596 4394 646 4427 cam
657 4377 728 4427 retus
739 4377 852 4446 aiicujus.
919 4376 932 4427 b
951 4380 995 4439 Sic,
1012 4396 1062 4427 cam
1077 4380 1155 4431 darius
1164 4381 1252 4447 pansiis
1259 4380 1303 4447 sub
1314 4382 1342 4441 P,
1360 4382 1387 4431 a
1399 4396 1448 4429 cam
1461 4383 1493 4431 W

370 4453 375 4468 “
461 4443 585 4511 septulia.
652 4459 665 4491 c
681 4445 726 4504 Sir,
738 4461 788 4492 eam
799 4444 861 4495 daei.
869 4441 968 4513 parisis,
987 4447 1013 4498 o*
1027 4446 1116 4514 estpra
1127 4446 1166 4497 lia.
1233 4448 1247 4499 d
1263 4448 1315 4497 Dua
1322 4446 1454 4515 purssasab
1466 4462 1492 4495 ε.

469 4510 544 4570 eSt'r,
561 4506 804 4580 cam'dtrairsparrfiis.
1469 4534 1477 4543 ·<
1510 4536 1515 4549 ·

1391 4582 1494 4665 gioaea
