3392 5300
1431 385 1440 418 l

372 510 415 573 70
669 476 971 568 Jonnnrs
1025 478 1348 555 nunaunt

285 696 288 701 ¹
330 622 447 703 nemini·
499 620 562 687 mul
578 620 898 703 deprecantesacum“
915 622 1093 696 totocorde,
1111 622 1151 696 dr,
1162 636 1203 706 ¹ut
1215 622 1334 699 dicitur,
1352 630 1375 660 “
1389 626 1520 691 Innume-

330 691 422 743 eurum
501 718 523 749 “
536 712 576 773 ris
590 724 743 774 onerantes
757 712 868 773 aethera
879 709 989 785 votis,''
1003 729 1041 772 ne
1055 711 1093 772 ad
1105 710 1332 774 internetionem
1351 710 1448 796 usque
1474 716 1520 777 de·

655 841 662 857 .
785 842 792 858 .
854 799 995 873 letentur,
1012 796 1089 859 duce
1101 798 1261 861 Ambrosio
1271 801 1445 879 Aureliano,
1462 805 1521 867 viro

373 840 552 909 Ambrofius
561 840 750 919 ducebamus,
764 862 810 905 vrr

256 986 260 991 .
328 927 809 1017 Romanaegentis,purpuramin·

329 1022 409 1089 duit.
563 1040 566 1049 '

852 884 987 949 modesto
1009 885 1076 969 (qui
1094 881 1174 948 solus
1190 884 1270 950 sorte
1284 892 1431 951 Romanae
1453 910 1519 973 gen·

853 977 893 1037 tis
916 988 1008 1037 tanta
1034 973 1212 1057 tempestatis
1234 974 1390 1052 collisioni,
1425 978 1520 1041 occisis

852 1063 884 1123 in
898 1061 1002 1125 eadem
1017 1063 1201 1143 parentibus,
1225 1082 1358 1145 purpura
1381 1064 1519 1129 nimirum

492 1146 506 1199 b
526 1148 649 1213 indutus
663 1142 862 1232 superfuerat)
886 1150 970 1229 cujus
983 1168 1064 1211 nunc
1083 1150 1268 1234 temporibus
1284 1150 1390 1216 nostris
1406 1150 1519 1217 soboles

491 1257 674 1323 magnopere
688 1239 767 1299 avita
781 1237 916 1301 bonitate
929 1238 1134 1321 degeneravit.
1261 1250 1263 1254 ’

328 1326 439 1409 ansanus
535 1325 621 1389 Vires
644 1325 801 1407 capessunt,
824 1324 950 1389 visiores
968 1341 1160 1408 provocantes
1179 1324 1216 1388 ad
1232 1328 1384 1410 proelium,
1408 1329 1519 1413 quibus

328 1396 440 1447 ΜΨ·
492 1412 627 1489 visionis,
651 1412 774 1475 domino
787 1430 947 1489 annuente,
968 1434 1009 1479 ex
1022 1427 1093 1475 voto
1107 1413 1196 1476 cessit.
1366 1427 1370 1433 ’

327 1506 452 1560 Marsdu·
538 1504 587 1567 Ex
609 1521 646 1565 eo
660 1516 803 1584 tempore
818 1522 901 1564 nunc
923 1505 1014 1577 cives,
1037 1522 1118 1565 nunc
1132 1500 1417 1581 hosteevucebant,
1442 1508 1517 1570 utin

327 1576 390 1627 ΗΜ·
491 1586 544 1660 isla
558 1603 646 1673 gente
659 1589 848 1671 experiretur
860 1591 1001 1653 dominus
1024 1585 1112 1653 solito
1133 1610 1218 1652 more
1231 1591 1406 1674 praesentem
1431 1592 1518 1658 Istas·

327 1688 460 1741 salomem
491 1668 561 1752 lem‘,
584 1691 686 1739 utrum
701 1676 806 1760 diligat
823 1692 835 1723 ⁶
851 1698 931 1752 eum,
954 1698 993 1740 an
1008 1699 1078 1753 non,
1103 1676 1197 1761 usque
1217 1700 1329 1742 annum
1351 1676 1518 1745 obsessionis

328 1770 410 1806 Μ·
491 1760 633 1829 Badonici
648 1766 767 1841 montis,
790 1766 1012 1847 novissrmaeque
1034 1763 1126 1829 ferme
1148 1766 1186 1828 de
1208 1764 1354 1831 furciferis
1376 1788 1440 1831 non
1466 1772 1517 1832 mi·

849 1855 939 1916 nimae
962 1852 1073 1937 stragis,
1096 1855 1152 1937 qni
1172 1856 1202 1917 dc
1217 1874 1292 1919 meae
1307 1859 1446 1919 navitatis
1469 1857 1516 1922 est.

369 1946 493 2027 Strages
507 1960 586 2005 max.
605 1943 695 2006 Saxo.
850 1943 909 2004 Sed
925 1962 964 2004 ne
977 1962 1058 2005 nunc
1076 1941 1207 2023 quidem,
1231 1958 1267 2005 ut
1288 1961 1366 2019 ante,
1390 1946 1517 2009 civitates

368 2029 473 2093 Gildas
493 2026 630 2093 nascitur.
847 2030 953 2112 patriae
977 2030 1194 2105 inhabitantur,
1218 2027 1267 2093 sed
1289 2028 1415 2094 desertae-
1439 2034 1516 2097 diru-

368 2118 512 2181 Civitates
534 2117 645 2200 partim
659 2109 803 2192 desertae,
847 2131 948 2201 toeque
968 2116 1112 2179 hasienus
1127 2115 1271 2199 squalent,
1295 2120 1472 2183 cessantibus
1485 2122 1515 2184 li·

325 2206 433 2293 partim
448 2200 608 2271 semitutae.
846 2222 894 2268 cet
919 2206 1051 2267 externis
1075 2205 1170 2281 bellis,
1201 2204 1250 2269 sed
1280 2227 1342 2270 non
1370 2209 1513 2273 civilibus.

461 2345 487 2373 ,2
846 2291 941 2356 Haesit
963 2295 1072 2357 etenim
1099 2309 1159 2355 tam
1180 2290 1323 2376 desperati
1345 2293 1450 2358 insulae
1468 2318 1515 2361 ex-

490 2380 570 2457 cidii,
594 2376 789 2467 insperatique
805 2384 918 2443 mentio
941 2382 1043 2444 auxilii
1065 2384 1217 2443 memoriae
1231 2403 1346 2457 eorum,
1369 2386 1425 2467 qui
1445 2388 1515 2449 utri·

322 2479 435 2531 annoni
490 2467 585 2553 usque
611 2469 746 2533 miraculi
772 2467 858 2531 testes
883 2471 1030 2543 extitere;
1065 2471 1096 2530 8r
1123 2470 1165 2532 ob
1190 2468 1248 2533 hoc
1266 2469 1282 2517 s
1299 2491 1355 2546 res,
1393 2473 1512 2553 publici,

323 2544 456 2596 ustim'vi·
490 2558 607 2639 privati,
629 2551 804 2629 ficerdotes,
829 2555 1012 2619 ecclesiastici
1026 2553 1112 2619 suum
1129 2558 1246 2639 quique
1262 2559 1399 2621 ordinem
1423 2557 1512 2626 serva·

322 2622 433 2726 ffiffl
448 2674 476 2724 ,d
489 2659 571 2710 runt.
615 2646 659 2708 At
670 2643 727 2706 illis
739 2642 961 2721 decedentibus,
976 2666 1046 2709 cum
1061 2644 1228 2709 successisset
1242 2664 1326 2722 aetas,
1349 2646 1431 2711 illius
1443 2665 1513 2712 tem·

321 2741 467 2820 pristinari-
488 2730 606 2818 pestatis
626 2727 730 2806 nescia,
754 2733 784 2793 dc
799 2730 948 2814 praesentis
970 2747 1090 2798 tautum
1104 2730 1290 2797 serenitatise
1311 2755 1372 2798 non
1385 2736 1512 2823 expers‘,

320 2817 426 2921 zm·
487 2823 531 2886 ita
550 2818 658 2882 cunsta
676 2821 809 2884 veritatis
824 2839 857 2882 ac
873 2818 1001 2901 justiciae
1018 2821 1222 2900 moderamina
1236 2822 1371 2885 concussa
1389 2844 1425 2888 ac
1447 2822 1513 2890 sub·

337 2881 391 2925 '¹¹²⁸'
486 2903 568 2972 versa
582 2904 659 2983 sunt,
682 2921 717 2970 ut
731 2927 843 2983 earum,
869 2929 929 2972 non
944 2908 1041 2972 dicam
1053 2909 1220 2996 vestigium,
1235 2907 1284 2972 sed
1299 2931 1337 2973 ne
1348 2913 1512 2977 monimen·

487 3010 555 3060 tum
569 2994 692 3080 quidem
708 2997 740 3060 in
761 2991 1175 3080 supradisiispropemoduul
1190 2998 1345 3061 ordinibus
1363 3020 1512 3085 appareat,

431 3089 433 3096 ⁴
486 3084 618 3167 exceptis
642 3086 754 3170 paucis,
778 3084 910 3147 &valde
930 3088 1041 3168 paucis,
1063 3087 1128 3167 qui,
1151 3087 1193 3148 ob
1218 3085 1399 3170 amissionem
1424 3103 1512 3153 tantae

485 3172 696 3248 multitudinis,
719 3192 790 3256 quae
805 3172 941 3255 quotidie
954 3193 1049 3255 prona
1062 3175 1125 3235 ruit
1136 3174 1176 3235 ad
1190 3188 1310 3249 tartara,
1335 3190 1393 3238 tam
1413 3176 1510 3242 brevis

485 3261 605 3324 numeri
621 3260 780 3336 habentur,
804 3275 839 3322 ut
857 3281 908 3324 eos
925 3261 1152 3344 quodammodo
1165 3262 1337 3324 venerabilis
1352 3278 1448 3328 mater
1466 3287 1511 3328 ec-

484 3345 572 3412 desta
592 3348 623 3410 in
638 3347 701 3413 srnu
725 3345 779 3412 suo
799 3349 1000 3412 recumbentes
1023 3369 1085 3411 non
1107 3349 1215 3425 videat,
1237 3363 1315 3433 quos
1329 3348 1406 3414 solos
1427 3375 1511 3418 veros

349 3447 407 3514 rag.
420 3461 460 3507 π.
484 3433 563 3500 filios
586 3435 688 3500 habet.
733 3439 856 3522 Qippe
870 3437 947 3520 quid
970 3437 1112 3500 celabunt
1125 3439 1213 3512 cives,
1237 3438 1322 3521 quod
1337 3459 1397 3501 non
1416 3437 1511 3506 solum

317 3513 455 3594 exprobra·
482 3536 603 3601 norunt,
626 3522 676 3589 sed
690 3527 871 3608 exprobrant
889 3526 951 3606 jam
969 3526 1001 3588 in
1014 3526 1141 3589 circuitu
1156 3527 1317 3589 nationes?
1341 3530 1442 3610 Reges
1459 3530 1510 3592 ha·

315 3590 439 3694 iffiff.
481 3610 535 3678 bct
548 3615 707 3690 Britannia,
730 3611 780 3676 sed
792 3627 955 3695 tyrannum
974 3613 1087 3690 iudices
1099 3613 1201 3690 habet,
1224 3610 1409 3696 sed'impios,
1433 3614 1511 3701 saepe

314 3709 454 3762 annorum
481 3699 658 3784 praedantes,
675 3699 697 3765 f
711 3702 742 3768 tc
755 3700 978 3766 concutientes'‘
991 3702 1181 3781 innocentem
1197 3703 1380 3765 vindicantes
1395 3703 1509 3788 &pro

482 3799 626 3872 tegentes,
649 3783 699 3851 sed
713 3809 778 3857 reos
793 3790 822 3850 8r
844 3789 995 3864 latrones;
1019 3791 1269 3873 quamplurimas
1291 3791 1435 3874 conjuges
1455 3794 1508 3859 ha·

480 3877 597 3952 bentes,
619 3873 670 3940 sed
683 3873 854 3953 scortantes,
868 3877 926 3940 dcc.
971 3878 1088 3940 Ibidem
1104 3879 1142 3941 de
1155 3879 1369 3942 Britannorum
1381 3881 1474 3946 vitiis.

315 3973 462 4026 Damnonia
496 4019 499 4026 .
524 3966 620 4046 Cujus
631 3978 693 4028 tam
709 3961 826 4028 nsandi
843 3964 953 4048 piaculi
966 3985 1027 4028 non
1041 3961 1162 4050 ignarus
1176 3965 1218 4029 est
1229 3967 1393 4035 immundae
1403 3967 1507 4033 leaenae

313 4038 451 4091 Constanti·
479 4050 658 4116 Damnoniae
681 4054 851 4134 tyrannicus
872 4052 988 4115 catulus
1010 4053 1230 4131 Constantinus,
1254 4056 1309 4138 qui
1333 4055 1392 4117 hoc
1417 4076 1506 4131 anno,

312 4118 421 4156 ΝΜ
456 4139 545 4224 'post
565 4141 709 4205 horribile
723 4141 887 4226 juramenti
904 4139 1128 4218 sacramentum,
1151 4164 1216 4226 quo
1238 4141 1434 4222 sedevinxit,
1457 4165 1505 4208 nc·

510 4331 525 4362 a
541 4312 1003 4384 EumprocttmbaieniGastnaasiqaess
1036 4314 1203 4365 blndutisal.
1235 4317 1328 4364 cilum
1340 4317 1465 4367 Dominus
1474 4329 1504 4365 an

474 4393 528 4428 mon
547 4379 604 4429 Gal.
669 4380 789 4448 dRegcs,
822 4379 900 4430 ublici
915 4383 1048 4446 privatique
1065 4383 1193 4431 saotrdotes
1203 4380 1345 4431 ecclefiassici
1359 4385 1429 4431 sirum
1440 4383 1504 4432 ordi·

457 4441 733 4562 θῖῗιέῑῐνᾝῐηθαὶ.
769 4463 782 4498 e
837 4459 1014 4514 pertententur
1025 4463 1110 4513 expers
1119 4449 1141 4496 ia
1153 4447 1208 4497 Gal.
1219 4447 1315 4553 aliisque.
1352 4449 1377 4514 f
1386 4450 1503 4498 Haevoces
