3392 5300
294 488 1105 632 autrouaurreonnecnanaa,
1296 554 1369 630 333.

273 680 395 746 videtur
405 680 471 766 ajm
485 681 557 745 liber
569 674 875 759 destudiostzpienriae.
914 681 1000 745 Liber
1011 682 1159 768 animaſse
1173 684 1219 767 in·

196 778 203 791 ”
254 772 371 861 ‘cipite
394 776 416 807 “
433 768 652 850 Quatuo‘rſsmt
665 763 869 851 confiderandu
880 769 1177 869 circafizpientiam.”
1278 792 1302 845 ᾖ
1384 772 1390 785 ’

229 895 404 961 Secundum
420 890 593 979 principale,
615 889 699 976 quod
717 888 759 955 est
783 892 815 955 in
830 892 927 957 caussa
946 898 1054 960 erroris
1076 898 1107 973 in
1121 892 1221 962 studio

182 980 333 1069 sapientiae
352 985 399 1047 his
414 981 609 1064 temporibus,
632 978 684 1055 est,
708 980 791 1063 quod
813 980 899 1060 240.
924 984 1009 1049 annis
1030 982 1219 1051 surrexerunt

182 1073 314 1157 quidam
337 1071 375 1136 de
397 1069 505 1145 studio,
539 1070 593 1153 qui
617 1062 725 1150 seipsos
753 1085 927 1155 creaverunt
951 1073 983 1137 in
1008 1073 1163 1157 magistros
1188 1076 1219 1137 8<

183 1160 326 1251 dodlpres
345 1158 435 1223 studii
461 1157 619 1242 theologiae
642 1157 672 1219 a
693 1153 897 1240 philosophie,
921 1179 992 1223 cum
1020 1182 1120 1240 tamen
1139 1184 1216 1225 nun·

183 1269 281 1333 quam
297 1248 466 1312 didicerunt
477 1245 592 1330 aliquid
604 1244 745 1329 dignum,
760 1266 814 1310 nec
828 1246 935 1311 volunt
948 1268 1002 1313 net
1017 1250 1135 1335 poliunt
1150 1271 1220 1337 pro·

184 1353 254 1421 pter
269 1334 382 1399 statum
392 1335 488 1399 suum.

231 1425 386 1490 Totaliter
410 1420 584 1488 dimiserunt
597 1422 659 1483 vias
673 1423 865 1504 antiquorum
888 1420 1062 1507 sapientum,
1085 1446 1218 1509 quorum

184 1510 305 1595 aliquos
319 1514 451 1577 uidimus
467 1510 557 1574 nostri
572 1512 723 1592 temporis,
747 1507 857 1573 scilicet
879 1514 919 1573 1).
934 1504 1104 1577 R'obertum
1119 1536 1219 1601 quon·

184 1602 259 1663 dam
281 1597 455 1751 episcopum
478 1597 617 1662 Lincoln:
640 1600 682 1663 D.
699 1598 852 1661 Thomam
875 1598 1045 1686 episcopum
1070 1604 1101 1665 S.
1119 1601 1220 1665 David

183 1690 218 1751 in
234 1688 354 1764 Wallia,
430 1685 552 1751 fratrem
568 1685 669 1749 Adam
689 1684 727 1748 de
748 1684 889 1765 Matisco,
911 1689 940 1753 dc
959 1689 1136 1775 magistrum
1155 1693 1218 1753 Ro·
1344 1726 1345 1731 κ

184 1777 306 1840 bertum
321 1776 359 1842 de
372 1773 509 1851 Matisco,
530 1774 638 1840 &Mn
661 1776 744 1837 aLu
1045 1776 1164 1844 &Gul
1180 1780 1219 1843 de

185 1860 375 1940 Shirwoode,
399 1864 525 1931 &aliua
721 1865 740 1881 '⁶
1367 1932 1368 1937 γ

230 1952 320 2015 Solue
342 1953 482 2016 dominus
496 1950 658 2023 notemus,
683 1964 805 2033 propter
825 1947 1045 2033 longitudinem
1060 1951 1131 2018 vitae
1145 1948 1215 2031 suae,
1228 1952 1351 2031 Rolm·
1384 1987 1396 2007 a

184 2039 217 2103 8r
230 2042 293 2103 vias
307 2040 468 2116 mirabiles,
491 2038 603 2122 quibus
617 2034 688 2103 usus
701 2036 744 2101 est
759 2057 820 2121 prae
840 2039 904 2099 aliis
931 2040 1111 2117 hominibus,
1134 2024 1324 2107 scivir⁰²P¹‘⁰·
1343 2100 1350 2117 ,

184 2126 330 2204 scientias,
352 2149 416 2192 non
440 2128 512 2212 quia
537 2128 723 2189 Graecum&
743 2126 903 2189 Hebraeum
924 2125 1007 2193 scivit
1032 2127 1219 2208 sufficienter,
1277 2178 1280 2183 -
1390 2178 1396 2185 .

184 2232 221 2281 ut
235 2238 288 2301 per
303 2214 332 2281 le
345 2216 528 2306 transferret,
550 2212 601 2277 led
614 2213 722 2279 habuit
736 2216 847 2277 multos
859 2214 1030 2295 adjutores:
1052 2239 1156 2283 omnes
1169 2219 1222 2284 alii

183 2300 558 2391 ignoraverunt'lcientias.

229 2395 357 2461 Dormit
379 2394 473 2479 igitur
494 2388 624 2468 ecclefia,
646 2392 718 2475 quia
732 2388 809 2455 nihil
823 2387 896 2453 facit
918 2391 950 2459 in
969 2392 1024 2457 hac
1047 2409 1140 2477 parte,
1164 2417 1219 2461 nec

184 2481 295 2566 aliquis
310 2480 328 2543 ai
340 2502 393 2562 70.
408 2482 493 2545 annis
507 2479 588 2556 lecit,
612 2476 668 2543 niti
682 2480 767 2563 quod
779 2479 920 2543 dominus
930 2480 1093 2559 Robettus,
1109 2482 1218 2567 episco-

184 2592 244 2656 pus
256 2570 396 2634 Lincoln:
415 2568 539 2633 tradidit
554 2568 669 2631 Latinis
683 2567 721 2634 de
734 2566 817 2631 libris
831 2566 887 2632 Btl.
903 2568 1037 2652 Dionysri
1052 2572 1082 2633 &
1096 2566 1221 2635 Damas·
1279 2606 1282 2615 ⁴

184 2662 265 2735 ceni,
289 2659 320 2722 81
335 2660 486 2746 aliquibus
501 2659 566 2722 aliia
580 2655 758 2720 dodioribus
774 2652 871 2722 sacris.
917 2659 1031 2722 Mirum
1052 2658 1093 2724 est
1109 2661 1147 2726 de
1168 2683 1221 2724 ne-

186 2747 336 2833 gligentia
358 2746 496 2821 ecclefiae,
523 2747 596 2830 quia
621 2742 639 2805 ai
664 2740 798 2828 ternpore
826 2743 946 2809 Damasr
969 2767 1053 2830 papae
1075 2747 1222 2813 nonfuit
1290 2765 1293 2770 '

184 2838 298 2920 aliquis
321 2832 453 2908 summus
469 2831 616 2918 pontifex,
637 2853 692 2896 nec
706 2831 813 2915 aliquis
832 2834 909 2895 alius
923 2831 1054 2912 inferior,
1078 2838 1132 2920 qui
1152 2835 1220 2901 soli-

185 2927 267 2988 citus
276 2920 337 2986 fuit
347 2923 387 2987 de
397 2944 454 3008 pro
469 2968 613 2988 .....
629 2919 756 2985 eeclesrae
766 2943 821 3006 per
831 2921 1045 3002 transsationes,
1056 2925 1110 2989 nifi
1120 2925 1222 2992 didius

185 3017 230 3078 D.
242 3012 411 3081 Robertus.

251 3146 305 3206 Ex
318 3143 474 3207 annalibus
488 3138 629 3206 Maubai
643 3134 822 3225 Parssensts,
845 3140 975 3206 monachi
988 3145 1020 3207 S.
1036 3144 1155 3216 Albani.
1240 3164 1296 3230 rag.
1309 3179 1368 3224 290.
1475 3191 1479 3208 1

231 3266 275 3328 Et
290 3267 301 3296 ¹
317 3259 513 3339 inventalunt
528 3261 699 3348 plusquam
711 3275 861 3346 nongenta
1065 3267 1228 3334 Lelandus.

185 3351 285 3416 millia
300 3328 441 3419 librarurli
456 3352 488 3413 in
509 3370 583 3413 auto
597 3351 766 3434 &argento
786 3369 861 3434 prae·
948 3351 1080 3417 Ultimus
1095 3348 1187 3419 annus
1202 3361 1285 3444 regni
1302 3362 1384 3424 Hen-

186 3455 236 3504 ter
250 3440 364 3525 lapides
378 3437 540 3522 pretiosos.
724 3449 731 3456 '
905 3440 959 3502 rici
981 3459 1011 3506 2.
1034 3443 1181 3508 Matthaeo
1202 3449 1323 3512 initium
1342 3447 1385 3513 est

231 3530 348 3614 Regina
378 3527 512 3603 nliemr,
533 3547 603 3616 quae
628 3548 681 3610 per
704 3546 798 3589 annos
819 3523 862 3588 se·
906 3525 1048 3593 historiae.
1095 3549 1098 3556 ’

186 3619 291 3682 decim
313 3618 331 3678 a
346 3592 435 3679 lhoro
449 3619 542 3701 patris
556 3613 684 3698 separata
706 3611 760 3679 sub
779 3613 862 3677 ardta
953 3625 964 3659 ¹
979 3616 1149 3684 Thesaurus
1164 3625 1285 3694 Henrici
1298 3622 1340 3694 αἱ.

185 3706 317 3773 carceris
331 3693 489 3784 tenebatur
502 3701 645 3780 custodia,
661 3705 719 3768 &e
948 3705 1116 3772 Richardus
1138 3733 1193 3778 rex
1215 3729 1340 3777 matrem
1368 3712 1388 3780 ὲ
1519 3727 1523 3748 l

234 3790 400 3858 Confestim
415 3795 548 3855 manavit
557 3789 676 3876 sanguis
689 3812 729 3855 ex
739 3792 863 3857 naribus
906 3813 1020 3860 carcere
1035 3795 1162 3863 liberat:

187 3879 430 3968 regisdelundti.
949 3883 1386 3954 AdvenienteRichardonares

230 3961 336 4049 ‘Ju'daei
359 3968 486 4032 Eboraci
500 3966 661 4032 incolentes
674 3963 784 4031 miseris
797 3988 863 4032 mo·
906 3969 1040 4036 delundti
1055 3976 1150 4041 Henr:
1167 3974 1341 4063 sanguinem
1354 4001 1384 4044 e·

187 4058 238 4123 dls
252 4055 282 4120 se
296 4051 488 4120 interficiunt.
906 4055 1059 4124 miserunt.
1232 4077 1233 4084 ¹

235 4149 329 4209 Anno
344 4147 387 4208 D.
408 4165 503 4228 1190.
518 4141 591 4206 facit
605 4143 785 4207 mentionem
801 4143 957 4232 Radulphi
971 4147 1009 4210 de
1024 4147 1142 4214 Diceto.

597 4265 718 4332 Eodem
728 4286 819 4331 auno.

236 4380 322 4444 Fecit
340 4378 449 4442 turrim
471 4375 699 4440 Londoniarum
721 4372 827 4438 fossato
844 4367 1069 4460 prolu'ndissimo
1091 4381 1218 4446 circum·
1231 4395 1369 4450 Guilelmus
1386 4387 1388 4394 '

188 4469 283 4551 cingi,
302 4463 423 4550 sperans
436 4463 466 4529 se
480 4465 559 4548 polle
570 4461 713 4568 :I'amisrae
726 4464 838 4568 fluenta
852 4467 882 4527 in
893 4465 1001 4568 orbem·
1012 4467 1131 4535 ducere.
1228 4462 1352 4576 ffitsmpus

237 4555 419 4644 Radulpbus
434 4553 472 4617 de
485 4553 545 4615 alta
557 4571 620 4634 rrpa
634 4551 859 4615 archrdraconus
873 4552 1104 4622 Colecestrensrs.
1187 4627 1190 4634 Ι
1228 4609 1254 4641 ca
1255 4545 1386 4664 [¹122]ssth
1399 4579 1407 4596 ,

433 4693 449 4727 a
465 4675 515 4739 Sic,
526 4691 576 4728 rum
586 4675 667 4737 lacum
679 4675 707 4728 dr
718 4674 798 4728 durius
805 4670 941 4747 pluuisset
953 4693 977 4728 tr.
998 4675 1014 4692 ⁴'

1128 4749 1220 4814 Anno
