3392 5300
1000 212 1037 231 V

293 477 655 568 aurrounnrr
697 468 1144 547 connectantur:
1309 462 1380 571 '343
1434 459 1442 467 ’

243 611 372 677 Mortuo
383 612 558 690 Beneditto,
575 607 825 689 &Easteruuino‚
847 607 1019 677 ceolfridus
1034 612 1155 699 utrique
1169 628 1235 677 mo·

200 700 331 770 nasterio
347 702 478 785 praefuit.
1121 738 1124 747 ›

246 795 341 853 Sexto
366 790 482 853 decimo
516 786 674 873 postquam
700 787 912 853 monasterium
939 786 1117 853 fundaverat
1144 811 1233 869 anne,
1255 804 1311 871 Pag.
1325 818 1382 867 30³·

196 879 320 965 quievit
334 880 366 939 in
381 878 505 946 domino
520 879 615 967 pridie
630 877 679 940 Id:
693 882 817 959 Januar:
1243 870 1314 950 ¹1¹⁰&
1325 874 1400 921 neno-

620 966 815 1049 Coolsridus.3
1045 1007 1047 1011 .
1242 937 1300 1053 51¹5&
1311 938 1382 985 abba-

245 1053 379 1132 Jubente
391 1054 502 1138 pariter
516 1054 677 1134 &juvante
692 1053 865 1130 Benedile,
882 1052 1092 1121 monasterium
1109 1056 1139 1118 S.
1148 1055 1233 1118 Pauli
1243 1066 1386 1123 Constrictus.

197 1137 346 1217 fundavit,
369 1141 502 1226 perfecit,
519 1143 610 1217 rexit,
630 1163 663 1205 ac
678 1142 786 1205 deinde
801 1145 924 1228 utrique
938 1141 1114 1207 monasterio
1125 1142 1255 1227 viginti·
1341 1212 1351 1233 .

198 1231 230 1293 &
245 1228 318 1296 osto
332 1234 417 1295 annis
433 1228 530 1293 solerti
545 1232 687 1315 regimine
707 1228 840 1314 praefuit.

368 1368 373 1392 r
531 1335 582 1400 sup.
594 1335 740 1384 Geosfridusr

239 1407 321 1478 Tres
329 1404 527 1473 bibliothecas
536 1404 700 1487 acquisivit,
708 1400 1233 1490 'duasuusquemonasterioresiquit.

237 1502 240 1511 '
289 1496 396 1556 Novus
418 1492 520 1566 abbas,
539 1490 852 1576 jubente-Ceolsrid0‚
876 1492 988 1556 elesius
1011 1491 1052 1555 est
1073 1508 1234 1579 antequam

335 1584 464 1643 Romam
479 1577 579 1643 versus
595 1577 839 1667 proficisceretur.

245 1667 380 1752 Eligitur
405 1688 477 1749 ergo
500 1668 698 1751 Hpetbyrtus,
721 1670 766 1730 vir
789 1669 888 1731 bonus
913 1668 941 1730 ἃ
964 1665 1072 1749 justus,
1095 1672 1149 1753 qui
1169 1664 1235 1739 erat'

198 1754 365 1841 discipulus
379 1754 506 1841 Sigsridi
527 1756 653 1836 abbatis,
677 1756 715 1819 ad
732 1757 819 1838 cujus
833 1752 1083 1822 consecrationem
1098 1760 1179 1824 Acca
1202 1780 1234 1824 e·

198 1844 341 1936 piscopos
357 1846 496 1908 invitatus
511 1844 564 1908 est.

246 1932 382 1996 Pervenit
395 1948 496 1995 autem
512 1927 667 2015 Lingonas
688 1931 773 1994 miles
796 1930 938 1995 emeritus
959 1932 1037 1995 circa
1052 1933 1161 1997 horam
1175 1934 1235 1999 diei

199 2024 332 2097 tertiam,
358 2040 422 2083 vrr.
439 2020 505 2082 Cal:
522 2020 633 2084 ottob:
650 2022 876 2103 applicavitque
891 2022 922 2091 in
937 2021 1029 2102 pratis
1049 2018 1177 2103 ejusdem
1192 2024 1235 2086 ci·

198 2111 310 2173 vitatis.
355 2108 491 2191 Contigit
512 2124 624 2185 autem,
649 2108 698 2171 dei
723 2104 923 2190 dispositione,
946 2122 981 2171 ut
1000 2106 1064 2192 ipso
1089 2109 1137 2172 die
1156 2110 1235 2177 circa

199 2199 310 2261 horam
325 2196 473 2259 decimam
487 2198 630 2280 migraret
643 2197 681 2259 ad
697 2196 865 2271 dominum,
888 2197 972 2277 cujus
986 2196 1108 2265 beatum
1123 2218 1234 2285 corpus

199 2284 354 2368 sepultum
377 2284 418 2347 est
443 2285 475 2347 in
499 2283 619 2349 ecclesia
641 2281 811 2347 sannorum
835 2300 1001 2367 martyrum
1024 2283 1180 2375 Speusippi
1204 2287 1237 2360 dt

200 2374 326 2455 Eleusrp
349 2374 370 2436 i.
1285 2432 1286 2437 ,

290 2397 366 2528 ch
379 2480 450 2544 quae
469 2474 483 2506 a
502 2458 641 2525 secuntur
653 2456 757 2523 adsuta
774 2458 906 2524 historiae
921 2457 1020 2546 Bedae,
1044 2474 1190 2545 tanquam

333 2550 519 2619 continuatio
534 2564 713 2632 temporum.
834 2609 837 2614 ,

244 2639 341 2711 Anno
355 2641 396 2700 D.
415 2657 490 2726 732.
516 2638 598 2702 Acca
613 2634 767 2722 episcopus
781 2637 819 2701 de
835 2632 886 2700 sua
901 2632 967 2702 sede
981 2635 1023 2701 est
1037 2630 1172 2721 fugatus.

243 2732 336 2792 Anno
351 2729 391 2788 D.
410 2747 486 2810 734.
508 2727 663 2792 ordinatus
682 2724 724 2797 est
737 2726 954 2792 Friothuberht
968 2725 1232 2812 Haugustaldenfir

199 2815 333 2887 ecclesiae
348 2813 513 2898 episcopus.

246 2903 339 2967 Anno
355 2908 397 2966 D.
414 2925 488 2984 740.
504 2907 592 2971 ⁴Acca
605 2901 759 2986 episcopus
773 2901 851 2967 obiit
864 2912 962 2968 x1110.
985 2901 1050 2968 Cala
1063 2903 1232 2969 Novembr=

200 2997 324 3075 Corpus
339 3013 410 3054 vero
424 2993 488 3072 ejus
503 2993 540 3054 ad
563 2992 737 3073 orientalem
758 2992 876 3075 plagam
891 3007 976 3059 extra
991 2995 1133 3074 parietem
1148 2996 1233 3056 Hau·

199 3079 333 3168 gostald:
349 3079 480 3152 ecclesrae
490 3077 638 3163 sepultum
649 3079 701 3141 est.
733 3083 984 3162 Duaequecruces
994 3081 1128 3162 lapideae,
1143 3081 1234 3143 mira·

200 3171 258 3242 bili
282 3167 420 3231 caelatura
444 3169 602 3244 decoratae,
625 3166 727 3250 posrtae
746 3167 824 3241 sunt,
848 3187 909 3228 una
929 3167 967 3228 ad
989 3166 1169 3250 caput,‘alia
1192 3166 1234 3231 ad

201 3258 303 3342 pedes,
321 3259 396 3338 ejus,
420 3259 450 3329 in
465 3276 595 3340 quarum
610 3276 680 3331 una,
703 3252 896 3339 quaescilicet
909 3255 948 3317 ad
962 3271 1054 3339 caput
1067 3254 1120 3336 est,
1138 3253 1232 3328 literis

201 3343 387 3430 insculptum
401 3343 454 3421 est,
477 3343 562 3429 quod
576 3345 608 3406 iu
623 3344 728 3406 eodem
743 3345 810 3407 loco
824 3341 958 3427 sepultus
972 3343 1020 3408 srt.

357 3477 394 3535 In
409 3471 601 3534 transsatione
614 3468 812 3553 reliquiarum
826 3471 918 3541 Accae
932 3467 1072 3553 episcopi.

245 3591 374 3650 Inventa
395 3583 437 3649 est
451 3587 541 3649 etiam
561 3582 647 3668 super
661 3583 765 3667 pestus
780 3585 844 3666 ejus
867 3584 971 3648 tabula
984 3584 1091 3668 lignea,
1113 3585 1145 3648 in
1167 3582 1236 3652 moi

133 3688 134 3692 ’
202 3675 278 3740 dum
294 3676 402 3752 astario,
419 3673 495 3735 fasta
510 3694 549 3736 ex
558 3673 677 3736 duobus
691 3672 788 3755 lignis,
804 3673 895 3736 clavis
908 3675 1051 3757 argenteis
1063 3675 1232 3756 conjuncta,

202 3762 378 3849 sculptaque
393 3760 434 3825 est
449 3764 480 3824 in
498 3764 548 3824 illa
558 3762 627 3825 haec
640 3759 803 3843 scriptura:
829 3770 850 3799 “
865 3762 963 3824 Almae
979 3763 1133 3843 Trinitati,
1158 3766 1232 3848 agiae
1242 3767 1289 3835 ‘Da

204 3859 227 3891 “
244 3852 377 3936 Sophiae,
403 3849 519 3912 Sansiae
532 3852 670 3912 Mariae.'’·

247 3937 332 4003 Cum
347 3934 406 4021 ipse
428 3937 466 4000 ad
481 3937 542 4001 huc
563 3937 633 4000 esset
648 3935 827 4013 adolescens,
851 3939 1077 4021 nutrireturque
1096 3939 1126 4001 in
1141 3939 1233 4002 domo

203 4027 305 4093 fratris
327 4025 371 4090 sui
387 4023 541 4110 cujusdam
562 4025 733 4108 presbyteri,
757 4028 811 4109 qni
831 4022 1020 4110 saepefatam
1036 4027 1370 4110 Haugustasd2Aldredus,

204 4118 327 4199 regebat
340 4114 503 4191 ecclesiam,
526 4129 689 4197 antequam
709 4114 869 4177 donatione
889 4114 1061 4178 venerabilis
1082 4117 1232 4178 memoriae
1241 4120 1282 4217 sus
1292 4104 1385 4182 1>⁰st⁰²‚

205 4206 336 4268 Thomae
348 4200 388 4266 αἱ.
404 4206 499 4265 Ebot:
510 4199 730 4283 archiepiscopi,
743 4202 892 4264 canonicis
904 4204 1100 4286 regularibus,
1110 4205 1165 4289 qui
1176 4205 1232 4268 ibi·
1241 4181 1289 4282 ,ist
1298 4186 1402 4301 ᾗᾙ
1444 4209 1447 4214 “

205 4293 274 4354 dem
289 4289 384 4373 usque
400 4291 490 4353 hodie
504 4291 561 4354 deo
576 4286 716 4366 serviunt,
740 4279 943 4353 tradita'essen
1098 4315 1100 4319 ’
1242 4299 1371 4352 staldensrs.

251 4379 390 4453 Edricus,
414 4381 467 4462 qui
493 4379 566 4441 illuc
589 4378 703 4460 primus
724 4379 939 4441 canonicorum
958 4375 1054 4443 dviro
1074 4381 1235 4459 venerabili

209 4467 333 4534 Thema
347 4464 567 4552 archiepiscopo
581 4465 681 4529 missus
699 4464 754 4528 est.

448 4628 463 4674 ρ
479 4612 523 4675 Sic,
534 4589 573 4664 'uti
582 4611 650 4664 etiam
661 4610 721 4676 alibi,
739 4611 850 4682 utsaepius
861 4611 999 4672 notamur.

1187 4679 1243 4750 Do
1353 4777 1364 4796 ι
