3392 5300
617 466 1295 600 Jornnrsrrrrnnr

441 647 535 729 copus
550 643 645 710 Ebot:
661 657 838 732 cooperante
852 640 1012 730 Egelwino
1028 639 1173 725 quodam,
1196 639 1396 710 Orientalium
1411 639 1483 708 Anss

440 736 561 820 glorum
575 732 695 798 comite.
848 785 853 798 ,

486 822 597 885 Sansio
619 843 692 906 ergo
716 819 817 886 favore
843 816 1005 904 propensus
1018 818 1194 882 coenobium
1215 816 1293 882 illud
1313 817 1480 904 opulentis·

440 909 513 974 srme
529 908 734 976 aconstruxit‘
751 913 783 972 in
797 907 921 992 palustri
935 907 1069 991 quadam
1083 907 1196 990 uligine
1210 906 1311 971 situm.

403 1031 414 1044 ·
485 999 571 1063 Felix
596 1000 648 1073 ibi,
685 997 883 1061 Orientalium
907 996 1077 1080 Anglorum
1105 994 1258 1078 episcopus
1280 997 1411 1078 primus,
1439 995 1483 1062 de

336 1108 342 1120 ·
441 1087 562 1162 Seram,
581 1086 662 1166 juss'u
673 1088 799 1162 comitis,
816 1081 993 1168 asportatus,
1007 1085 1096 1164 jacet.
1136 1084 1195 1146 Sed
1210 1085 1240 1146 &
1254 1083 1318 1146 duo
1331 1086 1481 1167 germani,
1574 1102 1575 1107 ’

440 1174 607 1259 Egelrcdus
619 1177 649 1238 ἃ
660 1173 882 1258 Egelbrichtus,
898 1193 974 1256 quos
989 1171 1068 1234 filios
1080 1169 1182 1254 patrui
1193 1168 1237 1233 sui
1248 1170 1408 1257 Egbritus,
1423 1193 1481 1237 rex

441 1263 687 1344 cantuariorum,
709 1263 740 1324 in
755 1259 835 1344 spem
850 1262 933 1344 regni
946 1257 1112 1325 adolescere
1125 1273 1273 1343 metuens,
1296 1261 1479 1344 aliquandiu

441 1353 520 1414 circa
540 1349 568 1412 se
583 1349 702 1412 habitos
727 1351 849 1412 tandem
865 1349 903 1412 ab
918 1347 994 1410 aulae
1014 1345 1183 1432 frequentia
1198 1349 1334 1422 removit,
1359 1351 1481 1413 contui·
1574 1366 1575 1369 ’

442 1453 511 1500 tum
524 1433 610 1504 suum
624 1439 665 1499 eis
680 1437 825 1510 invidens,
840 1437 895 1501 &a
942 1440 986 1499 Ut
1002 1431 1021 1498 ai
1037 1437 1180 1513 Thunre,
1197 1434 1333 1500 ministro
1350 1435 1481 1520 Egberti

442 1525 531 1609 regis,
555 1526 688 1609 pugione
703 1523 826 1589 confossi
840 1522 962 1590 fuerim.

459 1611 550 1695 .Ipse
576 1617 802 1698 rexpoenitens
827 1612 928 1687 caedis,
952 1610 1045 1676 sorori
1068 1631 1233 1695 puerorum
1258 1626 1375 1696 partem
1403 1608 1481 1697 prae-

444 1701 588 1788 grandem
604 1701 739 1770 Thanati
755 1700 793 1764 ad
809 1698 1020 1771 monasterium
1036 1699 1183 1786 delegavit
1197 1699 1410 1773 aedisicandum
1425 1723 1483 1788 pro

443 1791 563 1878 piaculo
578 1788 777 1858 interlcstoris
796 1787 1079 1856 &intersesiorum

488 1881 587 1940 Locus
602 1894 666 1940 crat
680 1876 826 1964 sepulchri
848 1874 1020 1941 saultorum
1042 1876 1074 1939 in
1088 1875 1235 1940 Orientali
1247 1877 1371 1962 Anglia,
1395 1878 1483 1958 cujus

443 1987 553 2030 nornen
563 1963 575 2012 b
586 1965 709 2030 excidit.
750 1969 945 2121 Qapropter
960 1985 1060 2027 comes
1076 1965 1236 2047 provinciae
1250 1967 1430 2050 Egelwinus
1444 1965 1484 2032 de

401 2093 405 2106 ·
443 2051 570 2124 obscura
582 2054 693 2122 levatos
708 2055 785 2122 eccle
799 2075 828 2115 ra
845 2053 955 2120 celebri
969 2073 1079 2136 pompa
1093 2052 1263 2127 Ramesram
1279 2053 1437 2136 perduxit.

487 2147 574 2226 Jacet
595 2147 649 2204 Ivo
669 2137 757 2204 Persa
772 2138 936 2224 episcopua.
982 2145 1013 2205 Is
1034 2140 1192 2223 quondam
1210 2139 1348 2223 pertaesus
1364 2141 1483 2208 delitia-

444 2251 525 2306 rum,
549 2253 623 2313 quas
637 2229 681 2293 illi
695 2229 887 2314 ampliffimus
900 2225 1087 2313 episcopatus
1097 2223 1332 2305 administrabat,
1357 2230 1484 2312 reliquit

445 2320 522 2382 clam
537 2315 596 2381 suis
610 2318 718 2392 omnia,
743 2317 1012 2404 peregrinationem
1026 2316 1235 2398 longiffrmam‚
1252 2316 1351 2380 tribus
1362 2333 1483 2381 tantum

444 2404 529 2469 sociis
553 2399 776 2480 comitantibus,
814 2404 974 2490 aggressus.
1029 2405 1201 2466 Multorum
1230 2426 1303 2488 ergo
1330 2426 1482 2468 annorum

445 2493 548 2556 ‘ires'
569 2491 746 2578 permensus,
771 2495 801 2554 ar
816 2493 959 2555 rusticum
971 2489 999 2555 se
1021 2491 1077 2554 elie
1100 2493 1206 2553 habitu
1230 2489 1365 2575 pannoso
1378 2494 1483 2556 viden*

444 2583 525 2645 tibus
541 2583 711 2655 ementitur,
728 2581 868 2664 Angliam
882 2580 1002 2643 tandem
1017 2579 1213 2663 adnavigavit.
1248 2578 1482 2666 Delesiatusque
1574 2646 1575 2656 ,

446 2671 614 2733 admodum
646 2669 759 2753 ignotae
781 2670 891 2752 linguae
916 2669 1063 2744 barbaric,
1095 2668 1180 2751 quod
1205 2667 1289 2751 quasr
1313 2668 1417 2732 fatuus
1441 2671 1506 2747 ab„

446 2758 589 2821 omnibus
605 2758 761 2832 rideretur,
785 2759 815 2819 in
830 2753 924 2819 lutosa
939 2758 1089 2839 provincia
1103 2752 1241 2832 substitit,
1265 2757 1371 2840 ibique
1386 2758 1480 2829 vitam

444 2841 540 2921 suam,
564 2861 678 2929 quanta
692 2843 760 2919 suit,
783 2847 892 2927 exegit,
909 2844 965 2908 &a
1010 2848 1054 2907 Ut
1070 2848 1101 2907 S.
1117 2848 1170 2907 lvo
1183 2844 1304 2908 cuidam
1318 2844 1431 2909 rustico
1444 2844 1479 2909 in

445 2929 557 2998 somnis
572 2934 671 2995 locum
686 2930 830 3015 sepulchri
845 2929 889 2996 sui
904 2930 1075 2995 ostenderit.

488 3022 660 3085 Perredum
675 3020 833 3104 elligitur,
857 3016 1092 3102 &sepulchrum
1111 3018 1282 3106 quaesitum,
1305 3021 1476 3101 inventum,

445 3126 595 3193 apertum,
619 3110 676 3173 ἃς.
727 3114 798 3195 Qo
826 3106 919 3180 modo
942 3106 1013 3171 fons
1037 3108 1149 3188 ibidem
1175 3110 1208 3172 in
1235 3110 1304 3171 loco
1320 3109 1481 3196 mausolei
1574 3189 1575 3192 Ἴ

444 3201 588 3281 eruperit.
984 3262 990 3270 f

488 3286 638 3368 Croyland
653 3284 694 3351 est
709 3307 767 3351 uua
780 3282 942 3366 insularum
957 3287 1120 3368 jacentium
1143 3288 1174 3349 in
1194 3285 1248 3349 illo
1262 3284 1360 3349 trasiu
1379 3287 1479 3349 orienl

442 3374 547 3437 talium
573 3374 753 3457 stagnorum,
778 3396 846 3459 quae
867 3375 885 3438 a
907 3375 1077 3438 meditullio
1102 3392 1186 3438 terrae
1209 3376 1347 3449 orientia,
1370 3375 1400 3436 ἃ
1422 3396 1478 3458 per

442 3477 566 3525 centum
586 3465 616 3525 ἃ
632 3484 669 3525 eo
688 3465 815 3546 amplius
829 3462 910 3526 milia
935 3464 1059 3527 fluentia
1079 3464 1110 3525 in
1123 3484 1203 3526 mare
1225 3483 1296 3527 cum
1317 3463 1422 3529 multis
1448 3464 1480 3527 δε

441 3553 558 3634 magnis
570 3549 585 3596 d
599 3549 786 3617 fluminibus'‘
808 3553 923 3633 impetu
939 3549 991 3615 suo
1005 3553 1238 3634 praecipitantur.
1493 3550 1496 3553 ’

486 3640 547 3702 Hic
556 3638 737 3714 Guthlacus‚
748 3659 807 3700 non
817 3638 1028 3722 dejesiaslirpe
1037 3640 1194 3714 oriundus,
1206 3638 1366 3721 ephoebus,
1377 3635 1480 3721 spreto

440 3744 591 3788 armorum
607 3722 672 3803 usu,
695 3748 759 3809 quo
774 3726 917 3809 pollebat,
940 3749 1013 3791 cum
1026 3727 1095 3789 esset
1108 3748 1181 3790 xxv.
1198 3747 1356 3815 annorum,
1376 3724 1478 3791 solita*

440 3815 519 3877 riam
532 3816 624 3875 vitam
639 3815 789 3897 ingressus,
813 3835 863 3877 xv,
889 3831 901 3861 t
919 3815 1023 3899 deguit
1038 3816 1133 3882 annis.
1185 3836 1190 3847 ·

486 3899 603 3965 Meritis
615 3923 739 3985 quoque
750 3903 812 3977 ejus
828 3902 926 3977 datur,
949 3903 1045 3986 quod,
1069 3903 1107 3965 ad
1121 3923 1231 3986 corpus
1245 3904 1310 3983 ejus
1323 3903 1479 3969 aedificato

442 3988 631 4067 monasterio,
656 3992 735 4053 inter
757 4004 802 4051 tot
815 3988 962 4051 bellorum
978 3992 1121 4066 turbines,
1145 3993 1223 4053 inter
1242 4005 1287 4053 tot
1302 4006 1477 4075 temporum

441 4078 652 4155 volubilitates,
677 4078 790 4141 nullam
814 4096 988 4160 aerumnam,
1012 4080 1059 4141 vel
1083 4079 1298 4143 detrimentum
1318 4076 1365 4143 sui
1389 4081 1479 4145 locus

442 4165 492 4227 isle
508 4163 690 4247 persenserit.

276 4264 370 4329 eorpus
382 4266 406 4312 S.
486 4253 612 4321 Acceffit
627 4254 656 4317 δι
671 4274 764 4318 novus
779 4250 896 4336 hospes,
911 4249 962 4317 sed
975 4269 1071 4330 vetus,
1094 4255 1176 4338 apud
1192 4253 1215 4318 f
1221 4255 1312 4319 deum
1328 4271 1476 4336 patronus

177 4436 179 4441 Ι
227 4368 232 4380 ·
275 4330 424 4443 ffi‘d'gnclm'
443 4342 474 4407 S.
491 4344 617 4416 Neotus,
649 4344 703 4424 qui
731 4342 894 4425 quondam
912 4342 1067 4405 beatiffimi
1093 4343 1284 4407 Erconwaldi
1308 4342 1476 4435 discipulus

274 4458 421 4509 transsatum,
473 4446 599 4497 aEMS.
613 4446 765 4499 uersuta.
779 4451 837 4497 Sao.
880 4446 1058 4497 bltaetiamin
1072 4450 1181 4499 CodSeIs.
1207 4450 1252 4500 Sed
1261 4449 1365 4508 Eastreia
1375 4462 1419 4515 pro
1430 4468 1475 4508 cx·

441 4514 496 4561 cidit
506 4514 528 4561 in
541 4512 585 4560 Ed.
599 4516 659 4561 Suu.
693 4514 744 4563 c‘E
758 4514 808 4562 Cod.
822 4514 877 4562 Seu.
893 4515 920 4564 dr
932 4514 978 4562 Ed.
990 4518 1047 4563 Sao.
1080 4516 1097 4562 d
1112 4517 1135 4565 E
1146 4517 1208 4565 MS.
1221 4516 1304 4571 Sessar:
1318 4518 1345 4569 da·
1358 4516 1405 4567 Ed.
1416 4523 1473 4573 Sao.

442 4578 652 4698 {Uzapppqzafiod
664 4578 716 4631 Seis.
730 4580 757 4630 dr
771 4578 815 4629 Ed.
828 4582 888 4630 Sav.
910 4582 1044 4648 Notantque
1054 4579 1135 4649 adquot
1147 4582 1304 4634 Grammatici.
1349 4581 1373 4651 s
1385 4584 1474 4631 Domi·

1340 4721 1344 4724 “
1387 4713 1471 4801 apuu
