3392 5300
343 450 411 517 126
664 448 969 529 JOANNIS
1024 447 1345 519 LELANDI

322 577 428 656 sst³st⁰¹²
484 582 614 671 pertulae
638 584 799 649 Britonum
820 580 965 665 relliquiae
997 581 1124 643 mittunt
1152 582 1316 666 epistolam,
1348 588 1438 669 cujus
1462 586 1516 655 hnc

321 647 451 759 ξζζῗξὲο
487 672 664 757 principium
690 669 755 733 est:
780 676 803 705 ⁴‘
818 670 901 731 AEtio
926 686 969 731 ter
991 665 1104 732 consuli
1127 673 1256 753 gemitus
1271 677 1516 740 Britannomm.''

322 776 427 825 AEtium.
486 765 526 823 Et
539 762 569 822 in
586 759 718 843 processu
733 755 864 842 epistolae
887 758 925 819 ita
940 754 1006 819 suas
1020 756 1198 821 calamitates
1213 762 1391 843 explicant:
1417 771 1439 799 ‘⁴
1456 768 1514 829 Re-

486 856 510 885 “
525 848 638 932 pellunt
654 846 772 911 barbari
787 845 824 907 ad
840 864 930 919 mate,
953 844 1068 927 repellit
1085 865 1166 910 mare
1179 848 1218 909 ad
1234 849 1389 917 barbaros.
1436 856 1515 915 Inter

485 942 508 973 “
524 937 587 999 haec
609 936 749 997 oriuntur
772 933 835 995 duo
857 953 967 1017 genera
989 931 1150 1010 funerum
1178 952 1231 998 aut
1247 938 1439 1021 jugulamur,
1466 956 1516 1003 ant

485 1032 506 1062 “
522 1025 717 1108 mergimur.'’
762 1025 871 1103 Neque
896 1022 958 1083 haec
975 1036 1073 1083 tamen
1097 1038 1218 1104 agentes
1233 1026 1399 1109 quicquam
1422 1028 1467 1091 ab
1481 1051 1515 1092 eo

484 1113 588 1176 auxilii
612 1112 772 1193 impetrare
796 1109 969 1189 quiverunt,
992 1123 1099 1189 utpote
1118 1111 1173 1191 qui
1187 1112 1359 1193 gravissimis
1382 1137 1419 1177 eo
1441 1131 1514 1178 tem.

483 1221 557 1287 pore
578 1193 663 1261 bellis
685 1218 755 1261 cum
779 1195 893 1259 Bledda
914 1198 944 1259 &
964 1196 1069 1272 Attila,
1100 1198 1221 1281 regibus
1241 1203 1415 1279 Hunorum,
1452 1221 1514 1270 erar

482 1295 656 1371 occupatus.
1215 1327 1218 1348 ,
1345 1321 1348 1326 .

864 1376 915 1435 Ex
929 1375 992 1455 cap.
1009 1387 1124 1437 x11110.

525 1480 642 1539 Interea
655 1476 791 1537 Britones
805 1473 896 1536 sames
919 1474 970 1535 illa
983 1472 1107 1557 praefata
1126 1475 1224 1558 magis
1240 1473 1393 1561 magisque
1408 1479 1511 1544 adfici·

416 1604 419 1629 t
482 1585 545 1640 ens,
569 1584 603 1627 ac
626 1561 735 1625 samam
757 1561 814 1623 suae
839 1562 959 1624 malitiae
981 1561 1101 1643 posteris
1125 1563 1299 1625 diuturnam
1322 1561 1510 1648 relinquens,
1558 1609 1559 1620 .

481 1653 594 1717 multos
613 1671 716 1713 eorum
731 1650 827 1733 coegit
843 1650 934 1711 vistis
956 1647 1067 1712 infestis
1081 1650 1272 1733 praedonibns
1286 1652 1358 1715 date
1379 1676 1510 1733 manus;

441 1806 443 1811 ,
479 1740 551 1805 alios
565 1760 637 1800 vero
652 1758 816 1820 nunquam,
841 1738 914 1819 quin
931 1738 1030 1818 potius
1044 1737 1225 1810 considentes
1239 1742 1271 1801 in
1286 1740 1434 1817 divinum,
1457 1746 1510 1810 ubi

476 1830 645 1893 humanum
660 1818 785 1900 cessavit,
801 1827 959 1899 auxilium,
976 1824 1095 1907 deipsis
1111 1825 1275 1900 montibus,
1299 1824 1459 1909 speluncis,
1476 1854 1510 1896 ac

476 1915 600 1981 saltibus
614 1916 754 1979 continue
777 1914 980 1975 reserabant:
1005 1915 1035 1973 8<
1057 1928 1121 1975 tum
1144 1915 1274 1995 primum
1290 1917 1430 1994 inimicis,
1456 1924 1508 2003 qui

476 2005 656 2089 permultos
676 1996 768 2065 annos
792 2003 906 2083 praedas
930 2004 1052 2084 interra
1071 2004 1210 2084 agebant,
1232 2000 1342 2085 strages
1357 2006 1432 2068 dare
1447 2028 1507 2071 coe·

476 2111 596 2175 perunt.
643 2093 846 2153 Revertuutur
861 2110 934 2171 ergo
952 2103 966 2134 α
982 2091 1172 2170 impudentes
1190 2091 1364 2172 grassatores
1380 2096 1507 2159 Hiberni
1558 2101 1559 2118 ¹

475 2178 643 2252 bdomum,
669 2175 733 2260 post
749 2198 808 2239 non
831 2178 956 2259 longum
979 2192 1095 2258 tempus
1110 2176 1264 2240 reversuri.
1310 2180 1389 2242 Picti
1404 2184 1436 2245 in
1454 2206 1504 2247 ex·
1558 2217 1559 2230 π

475 2283 569 2331 trema
593 2282 675 2350 parte
695 2262 795 2327 insulae
819 2280 890 2327 tunc
909 2268 1052 2347 primum,
1075 2266 1106 2327 8r
1126 2265 1274 2348 deinceps,
1299 2268 1505 2349 quieverun13

473 2356 588 2439 predas
607 2370 705 2419 tamen
720 2373 935 2436 nonnunquam
950 2352 1102 2415 exinde·&
1118 2356 1335 2415 ‘contritiones
1351 2358 1390 2417 de
1405 2362 1503 2422 Brito

472 2464 546 2507 num
569 2462 660 2527 gente
684 2461 771 2524 agere
786 2462 847 2502 non
871 2441 1025 2504 cessarunt.
1073 2440 1205 2503 Cessante
1226 2459 1326 2505 autem
1343 2443 1503 2513 vastatione

470 2530 581 2606 hostili,
606 2533 694 2592 tantis
705 2528 827 2609 frugum
841 2530 934 2611 copiis
950 2526 1052 2603 insula,
1072 2526 1218 2610 dquantis
1233 2530 1314 2593 nulla
1335 2548 1418 2595 retro
1433 2552 1504 2598 aetas
1558 2545 1559 2576 l

470 2620 616 2694 meminit,
641 2616 769 2680 adfluere
781 2619 883 2699 coepit.
918 2618 997 2678 Cum
1008 2615 1128 2699 quibus
1138 2617 1169 2679 Sc
1183 2617 1303 2681 luxuria
1316 2618 1455 2698 crescere,
1470 2626 1502 2687 dt

472 2707 550 2774 hanc
573 2707 716 2768 continuo
738 2707 874 2766 omnium
899 2707 963 2766 lues
984 2701 1124 2766 scelerum
1147 2707 1281 2768 comitari
1301 2710 1499 2789 acceleravit;

471 2792 632 2857 crudelitas
657 2793 813 2876 praecipue,
836 2793 867 2853 8<
887 2792 989 2854 odium
1004 2790 1151 2868 ¹veritatis,
1175 2814 1319 2877 amorque
1341 2799 1500 2875 mendacii,

414 2874 420 2881 ”
472 2885 514 2946 ita
528 2898 574 2956 ut,
597 2881 702 2964 siquis
715 2901 821 2943 eorum
838 2882 947 2957 mitior,
971 2881 1001 2942 ἃ
1023 2882 1140 2943 veritati
1159 2883 1348 2964 aliquatenus
1364 2889 1499 2969 propior,
1558 2878 1559 2955 f

470 2970 633 3045 videretur,
654 2971 686 3032 in
712 2969 803 3043 hunc,
830 2966 914 3052 quast
941 2970 1099 3032 Britanniae
1124 2965 1336 3047 subversorem,
1361 2977 1500 3038 omnium

469 3058 537 3127 odia
562 3058 679 3142 telaque
702 3055 761 3120 fine
783 3055 916 3138 respeslu
936 3071 1214 3140 contorquerentur.
1261 3062 1303 3120 Et
1322 3080 1385 3136 nqn
1401 3059 1498 3125 solum

447 3149 532 3210 ¹baec
550 3143 692 3210 seculares
715 3146 781 3222 riri,
804 3143 853 3207 sed
875 3144 964 3206 etiam
987 3141 1046 3226 ipse
1061 3165 1137 3227 grex
1150 3145 1275 3222 domini,
1300 3145 1425 3230 ejusque
1446 3172 1496 3234 pa·

468 3233 571 3308 stores,
600 3247 748 3317 egerunt3
780 3233 925 3305 ebrietati,
948 3230 1135 3306 animositati,
1163 3232 1270 3317 litigio,
1299 3238 1497 3315 contentioni,

466 3322 595 3398 invidiae,
618 3317 780 3404 ceterisque
796 3318 965 3400 hujusmodi
980 3317 1172 3394 facilioribus,
1197 3319 1247 3383 sua
1264 3322 1353 3398 colla,
1376 3325 1498 3405 abjesio

466 3411 524 3472 levi
533 3413 612 3496 jugo
624 3406 743 3485 Christi,
767 3405 939 3472 subdentes.
984 3413 1097 3471 Interea
1111 3407 1209 3470 subito
1223 3427 1375 3492 corruptae
1385 3417 1497 3478 mentis

465 3497 600 3562 homines
622 3497 726 3562 acerba
750 3497 836 3579 pestis
861 3497 1016 3578 corripuit,
1038 3516 1108 3578 quae
1131 3497 1161 3557 in
1188 3498 1268 3559 brevi
1292 3512 1405 3562 tantam
1430 3505 1495 3581 ejus

463 3585 688 3666 multitudinem
706 3585 816 3659 stravit,
840 3600 876 3646 ut
900 3604 937 3645 ne
950 3580 1123 3665 sepeliendis
1139 3585 1265 3666 quidem
1279 3591 1410 3652 mortuis
1435 3592 1492 3652 vivi

462 3669 642 3736 sufficerent.
689 3673 747 3735 Sed
762 3695 798 3736 ne
813 3677 916 3734 morte
923 3671 1046 3752 quidem
1060 3667 1193 3746 suorum,
1216 3694 1269 3736 nec
1286 3675 1395 3740 timore
1410 3698 1490 3740 mor·

464 3762 512 3834 tis,
528 3761 571 3836 hi,
586 3762 640 3842 qui
652 3757 830 3843 supererant,
851 3759 868 3820 ai
886 3773 982 3821 morte
996 3762 1112 3835 animae,
1136 3779 1198 3842 qua
1212 3762 1364 3844 peccando
1381 3761 1488 3827 slerne·

462 3849 581 3922 bantur,
605 3850 735 3913 revocari
751 3862 898 3930 poterant.
935 3846 1025 3909 Unde
1040 3868 1100 3910 non
1114 3849 1209 3910 multo
1224 3847 1289 3933 post
1304 3853 1403 3931 acrior
1416 3871 1486 3937 gen·
1558 3932 1559 3935 Ἴ

461 3951 521 4000 tem
536 3938 735 4019 peccatricem,
749 3936 825 4005 ultio
840 3936 896 3996 diri
919 3931 1033 3997 sceleris
1047 3933 1145 4020 secuta
1161 3933 1233 4020 esi„
1258 3939 1378 4020 *Initum
1403 3962 1484 4005 narn·

459 4045 519 4105 que
533 4023 574 4086 est
589 4023 756 4099 consilium,
779 4024 853 4107 quid
868 4024 1028 4106 agendum,
1049 4025 1104 4088 ubi
1118 4024 1313 4106 quaerendum
1329 4026 1399 4089 esset
1413 4050 1484 4112 prae·

456 4110 577 4188 sidium,
600 4113 639 4174 ad
654 4111 816 4192 evitandas,
832 4111 878 4172 vel
893 4111 1087 4192 repellendas,
1105 4126 1164 4172 tam
1179 4109 1264 4188 seras,
1280 4128 1406 4200 tamque
1421 4139 1482 4180 cre·

457 4199 612 4273 berrimas,
646 4201 782 4283 gentium
805 4200 1051 4282 ‘aquilonalium
1076 4200 1276 4280 irruptiones:
1307 4201 1480 4288 placuitque

457 4288 599 4348 omnibus
619 4307 688 4351 cum
712 4285 765 4349 suo
787 4307 858 4370 rege
872 4289 1062 4368 Vortigerno,
1085 4301 1120 4348 ut
1137 4289 1288 4365 Santonum
1308 4305 1428 4371 gentem
1443 4294 1479 4354 de

446 4371 653 4440 transmarinis
678 4375 814 4459 partibus
836 4375 867 4438 in
887 4375 1035 4444 auxilium
1055 4390 1211 4440 vocarent.
1248 4378 1344 4464 Quod
1361 4379 1477 4449 domini

454 4490 689 4595 ajtmprndentesat.
717 4527 837 4578 bDomns
846 4527 879 4576 al.
907 4501 1153 4576 cContritinnellsS.
1180 4524 1398 4594 anntasMS..
1413 4523 1477 4608 eSif.

1307 4641 1311 4651 '
1401 4641 1474 4694 nutu
