3392 5300
325 466 402 558 ,η’
564 487 589 545 .’
645 471 949 560 Jonuttrs
1001 435 1325 536 nunaunt

515 599 675 674 isenricus,
686 595 767 662 filins
781 597 902 664 hienrici
914 597 1004 684 regis,
1021 599 1052 664 dr
1066 597 1238 665 Richardns
1250 595 1495 675 nummum

467 683 662 770 magnatibus
677 683 838 748 interfuere
851 681 1061 784 consecrationi
1077 686 1220 752 Thomu.
1441 741 1446 748 .

393 899 395 904 Ι
483 771 682 926 ‘sslheddshhra
700 791 780 860 papa
794 792 827 858 3.
850 769 931 838 mtfir
952 773 1085 838 ‘rhome
1104 773 1230 858 pallium
1251 793 1305 860 per
1323 774 1415 855 Joans
1439 775 1490 837 Sa·

432 877 494 1043 ,n
512 947 651 1012 Thomas
667 907 745 1012 'usus
768 945 812 1014 est
834 945 1057 1019 convlsloribus
1069 947 1226 1015 monachis
1243 965 1278 1014 ac
1296 945 1415 1014 clericis
1435 947 1491 1013 ho

431 1050 442 1082 t
465 1031 573 1102 ueluti:
588 1034 780 1130 acliteratisst
869 1064 873 1072 ·

869 1121 1010 1190 Thomas
1051 1121 1228 1188 intendebat
1264 1141 1404 1186 tancane
1444 1142 1491 1188 ca·

301 1165 782 1339 menumjegefffimffefficcffi
824 1206 920 1275 strum
940 1210 979 1276 de
998 1210 1196 1294 Tuuebridge
1212 1207 1229 1272 ri
1246 1211 1367 1294 Regem
1379 1212 1491 1276 oomite

300 1337 780 1444 ⁶3¹⁸·1‘2llth112‘1‘1'102‘0l·
823 1399 904 1450 mar.
926 1386 1085 1450 anenata
1098 1383 1204 1461 ruerat,
1219 1384 1324 1450 &hoc
1335 1385 1492 1452 mento

300 1429 511 1516 ΨΜ·
823 1473 863 1536 at
876 1473 1036 1538 cumulum
1050 1472 1272 1556 unguimur..

396 1609 400 1618 .
511 1560 571 1626 Hic
584 1579 683 1627 comes
706 1559 746 1626 de
759 1559 844 1625 Clare
856 1580 960 1624 omnes
981 1560 1044 1624 sere
1066 1560 1180 1625 nobiles
1198 1560 1422 1644 propinquitate
1434 1560 1490 1628 ba·
1535 1556 1560 1615 '·

467 1647 562 1714 bebat
575 1647 630 1714 fibi
644 1649 838 1714 adherentes.
873 1651 914 1711 Er
925 1646 1053 1712 sororem
1068 1648 1219 1734 pulcherr:
1236 1649 1329 1712 totius
1339 1650 1426 1734 regni
1438 1649 1490 1712 ha·

468 1736 570 1810 bebat,
591 1755 684 1820 qnam
698 1757 750 1802 rex
763 1735 927 1820 aliquando
939 1730 1065 1801 viderat.

514 1821 654 1889 Thomas
672 1824 822 1890 ecclesiam
844 1824 882 1887 de
897 1821 1055 1888 Einessord
1077 1821 1241 1889 Laurentio
1252 1821 1375 1887 cuidam
1394 1822 1490 1888 dona·

467 1910 524 1977 nit.
561 1907 637 1976 ouh
652 1911 692 1976 de
705 1909 876 1988 Einessord,
890 1911 1032 1975 dominns
1051 1910 1138 1987 villae,
1160 1909 1312 1974 bominem
1333 1913 1490 1976 Laurentii

467 1997 589 2064 extulit.
632 1997 771 2064 Thomas
789 2000 867 2063 Gul:
888 1999 1168 2071 excommunicavit.
1212 2000 1293 2064 Hinc
1307 1997 1401 2065 altera
1418 2001 1491 2066 mali

467 2084 708 2152 caussaccctevit
723 2087 868 2152 Thomae.
1225 2120 1227 2125 -

513 2175 675 2238 Contentio
688 2175 771 2258 apud
785 2171 965 2256 Dunestaple
976 2173 1053 2236 inter
1068 2172 1230 2249 Simonem,
1243 2169 1340 2238 silium
1355 2175 1445 2252 Petri,
1460 2174 1490 2238 dt

469 2259 582 2344 Philip:
603 2259 735 2340 deBroi,
757 2263 935 2326 canonicum
947 2259 985 2324 de
1004 2257 1161 2336 Bedesord,
1183 2262 1239 2345 qui
1261 2257 1426 2326 sacerdotio
1438 2259 1490 2326 suo

408 2331 417 2363 *
467 2349 509 2414 ad
534 2365 645 2414 annum
671 2350 815 2417 multatus
835 2347 889 2427 est,
910 2347 996 2436 quod
1017 2349 1170 2414 Simonem
1190 2347 1287 2414 verbis
1305 2367 1414 2434 parum
1433 2349 1490 2414 ho·

469 2433 560 2502 neilis
573 2437 801 2506 exacerbaverit.

862 2523 1002 2587 Concilio
1039 2521 1079 2586 de
1124 2521 1316 2588 clarendune
1352 2521 1488 2590 interfuit

342 2607 419 2677 Gula
434 2609 532 2677 Malus
545 2610 670 2690 vicinus,
685 2631 777 2697 nepos
820 2611 976 2688 Thomas,
997 2607 1046 2677 sed
1070 2609 1196 2677 decretis
1217 2611 1295 2696 regis
1310 2613 1404 2678 Henrs
1427 2632 1489 2679 nou

299 2700 450 2777 liudonis,
461 2699 578 2765 comitis
588 2702 701 2765 Britan:
715 2702 776 2766 En·
820 2700 882 2765 fine
896 2697 1010 2765 summa
1024 2694 1198 2764 difficultate
1212 2696 1389 2782 subscripsit.

299 2788 487 2872 gelgetusdc
499 2790 608 2863 Boum,
630 2791 726 2873 Hngo
739 2788 778 2853 de
862 2787 1012 2851 Robertns
1027 2788 1142 2852 archid:
1150 2783 1356 2865 Oxsordensrs,
1368 2788 1398 2851 δι
1409 2786 1488 2871 post·

298 2874 494 2951 Gundevilla,
516 2876 610 2957 Hugo
631 2876 671 2941 de
689 2880 779 2940 Man·
820 2894 856 2941 ea
873 2872 1029 2957 episeopus
1043 2873 1186 2942 Hersotdt
1204 2872 1359 2939 familiaris
1380 2894 1417 2939 ac
1429 2876 1487 2939 cle·

300 2962 419 3039 devilia,
455 2959 624 3027 Richardus
656 2966 779 3033 Humex
820 2963 1055 3027 ricusThomae.

299 3046 778 3133 constabulariusoulsfitiurJo
822 3060 876 3125 n·
897 3051 972 3114 Duo
996 3053 1125 3129 Joannet
1152 3045 1376 3114 saresbirienses
1400 3046 1488 3114 fami·

299 3138 396 3205 mnis.
820 3136 908 3202 lieres
922 3138 1065 3212 Thomae,
1082 3135 1489 3224 qnorumalterfuiteleshus

525 3230 551 3303 1
821 3222 840 3287 d
855 3244 925 3309 rege
943 3227 975 3288 in
991 3222 1164 3309 episcopum
1184 3222 1392 3303 Pisharensetn,
1415 3224 1489 3289 alter

331 3314 403 3379 ,Mn
420 3308 780 3397 Radnlphuscanomec·
820 3312 975 3378 exulabat.

300 3397 779 3485 clessLondonsindivinapagina
865 3400 1005 3481 Thomas
1032 3395 1166 3483 repulsus
1191 3396 1221 3463 a*
1234 3397 1387 3485 colloquio
1412 3399 1488 3488 regie

300 3488 596 3573 doslorptecipuue.
648 3534 650 3539 ,
821 3488 903 3573 apud
922 3485 1096 3553 wodestok.

343 3575 504 3643 Eduardus
527 3577 634 3640 Grime
652 3570 779 3641 crucifer
867 3575 1005 3639 Thomas
1032 3577 1115 3638 venit
1141 3572 1412 3659 Northamptonam
1445 3572 1485 3639 ad

175 3734 180 3748 ,
301 3662 445 3733 Thomae.
821 3664 991 3739 concilium,
1023 3663 1150 3744 jubente
1176 3682 1271 3746 rege3
1308 3659 1360 3725 sed
1387 3662 1487 3747 primo

343 3752 447 3819 Simon
461 3750 500 3815 de
522 3749 602 3814 Creil
621 3748 705 3821 miles
725 3748 777 3815 ab·
820 3766 920 3815 unum
944 3745 964 3812 ὲ
989 3747 1075 3815 servis
1101 3747 1227 3825 miserat,
1245 3748 1293 3812 .id
1320 3748 1405 3835 quod
1433 3768 1488 3817 rex

298 3835 380 3905 batis
393 3841 425 3905 S.
439 3834 614 3924 Augustini.
656 3853 660 3859 '
820 3839 951 3923 graviter
965 3837 1044 3903 tulit.

527 3927 551 4004 1
595 3946 601 3965 ·
864 3924 997 4012 Qaelita
1019 3921 1295 3989 ratioecclefiarnm
1315 3924 1487 3991 uacantium

344 4063 354 4081 .
377 4062 387 4083 .
410 4010 650 4079 .Sarelbirienfis
658 4012 697 4077 ab
705 4010 776 4077 ado·
821 4026 956 4096 tempore
968 4011 1122 4077 cancellar:
1137 4013 1280 4086 Thomae.

296 4096 577 4171 lescenriadehonis
585 4095 686 4167 eccles.
696 4102 776 4163 Can·
864 4102 992 4180 Joannes
1004 4100 1043 4163 de
1065 4098 1187 4163 Planeta
1201 4101 1231 4163 dr
1251 4096 1433 4186 Radulphus
1446 4098 1486 4165 de

298 4208 379 4259 tuat:
396 4187 550 4257 educatur.
821 4208 909 4258 niceto
1100 4216 1104 4221 ·

342 4320 552 4345 .......
568 4273 775 4341 terlieteberti
819 4277 889 4339 Dici
913 4274 1029 4338 archid:
1051 4275 1192 4339 Londom
1217 4273 1349 4343 ecclefiae
1370 4272 1484 4343 indole·

300 4409 442 4432 ......
458 4363 527 4427 hant
548 4360 693 4429 extretnis
706 4364 775 4429 vita
819 4364 893 4427 bant
905 4359 1069 4427 infelicitati
1083 4363 1226 4431 Thomae.

300 4447 669 4525 ....tstoetdotfuit.

865 4568 1111 4622 esi-alienatam...
1147 4504 1152 4514 ⁴
1414 4628 1481 4707 Ra

824 1296 865 1362 de
880 1298 978 1374 Clare,
993 1298 1078 1381 quod
1092 1299 1132 1362 ab
1147 1295 1266 1362 ecclesia
1282 1297 1392 1362 Chrisii
1409 1302 1491 1364 can-
1544 1313 1547 1318 ’
