3392 5300
363 492 407 564 rt
659 447 959 550 JOANNrs
1010 465 1331 538 uerrunt
1406 507 1424 566 ·.

482 609 651 681 Britonum,
673 600 894 686 interfectisque
905 601 983 668 Ossa
995 602 1025 664 dr
1040 599 1125 678 Cosa,
1141 618 1225 690 terga
1239 603 1350 668 dedere
1365 605 1506 680 Saxones.

486 698 554 759 &cr
583 697 630 760 De
643 692 738 766 sonte,
754 690 771 755 a
786 691 956 756 saxonibus
971 710 1062 773 prope
1072 692 1274 756 Verolamium
1287 693 1459 769 interiecto,
1473 713 1508 756 ert
1567 693 1568 764 l

486 787 570 864 cujus
586 784 663 864 a'qua
677 802 745 842 cum
761 781 895 844 Utherus
909 776 1025 841 bibisset
1038 775 1197 842 Verosamii
1213 779 1311 866 periit.
1433 847 1436 858 ,
1567 769 1568 822 i

408 912 412 920 -
532 874 564 933 T
567 869 745 950 uleruntqne
768 887 878 954 corpus
900 867 964 947 ejus
987 865 1025 926 ad
1043 867 1215 930 ooenobium
1231 867 1359 941 Ambrri,
1384 867 1508 930 &intra
1567 823 1568 912 i

486 958 623 1022 choream
649 958 805 1040 gigantum
823 956 914 1036 juxta
933 951 1091 1018 Aurelium
1113 953 1307 1020 Ambrosrum
1329 955 1412 1040 regio
1426 973 1509 1018 more
1567 955 1568 1038 ᾗ

485 1046 696 1122 humaverunt.
1567 1045 1568 1056 ¹

558 1135 561 1139 ’
816 1144 867 1204 Ex
885 1153 928 1204 1⁰.
944 1145 1020 1223 capt
1038 1138 1081 1222 7³.
1093 1139 1173 1210 libri.

530 1257 741 1316 Convenerunt
762 1267 801 1316 ert
821 1249 943 1314 diversis
961 1251 1121 1335 provinciis
1143 1252 1454 1336 procerea'liritonum
1467 1252 1508 1314 in

527 1385 531 1394 ·
648 1356 850 1406 massamuti:

487 1427 635 1500 civitatem
647 1423 813 1499 Cilcessriae,
829 1423 988 1499 Dubricio,
1003 1424 1087 1494 urbis
1099 1426 1267 1508 Legionum
1277 1421 1507 1510 archiepiscopo,

486 1511 685 1600 suggerentes,
701 1529 736 1576 ut
746 1509 924 1588 Arthurum,
940 1511 1037 1575 filium
1051 1513 1125 1592 ejus,
1140 1515 1170 1574 in
1184 1533 1283 1598 regem
1297 1510 1489 1576 consecraret.

507 1643 510 1648 -
531 1603 604 1666 Erat
625 1602 778 1670 Artburur
792 1599 962 1685 quindecim
977 1596 1122 1663 annorum
1139 1601 1267 1684 juvenis,
1290 1601 1434 1664 inauditae
1452 1599 1508 1664 m-

488 1706 572 1753 rutrs.

434 1767 436 1770 Α
531 1775 665 1845 Collcsla
679 1775 786 1848 deinde
799 1771 854 1839 sibi
869 1771 1152 1856 subditajuventute
1167 1775 1334 1840 Eboracum
1350 1775 1467 1862 petivit.

532 1869 612 1930 Cum
627 1865 659 1927 id
675 1865 820 1948 Colgrino
833 1879 1020 1946 compertum
1035 1864 1115 1940 esset,
1133 1865 1253 1948 collegit
1267 1869 1408 1940 mannes,
1426 1869 1506 1927 Scon

460 2013 465 2025 ,
488 1970 546 2029 tos,
568 1951 723 2027 &Piston¹
743 1954 886 2035 venitque
900 1954 926 2014 ei
945 1953 1064 2014 obviam
1079 1972 1149 2014 cum
1170 1953 1303 2015 maxima
1319 1953 1508 2016 multitudine

483 2045 572 2124 juxta
588 2041 641 2126 siu.
658 2034 785 2124 Duglas,
808 2040 862 2103 ubi
877 2036 960 2102 iasio
978 2040 1132 2122 congressu
1151 2037 1307 2123 utriusque
1320 2041 1466 2104 exercitus
1480 2043 1509 2103 in

488 2131 592 2209 majori
608 2145 690 2214 parte
705 2127 886 2210 periclitatur
901 2126 954 2190 est.
999 2126 1134 2192 Vistoria
1155 2144 1254 2192 tamen
1268 2129 1384 2210 potitus
1397 2129 1509 2192 Atthu-

489 2237 551 2291 rus,
576 2217 755 2300 Colgrinnrn
773 2213 941 2300 fugientem
958 2213 1105 2278 insecutus
1125 2214 1177 2290 esi,
1200 2216 1419 2299 ingressumque
1433 2217 1511 2283 intra

489 2306 660 2370 Eboracum
684 2298 809 2384 obsedit,
832 2305 890 2368 tire.
934 2307 1007 2390 Qo
1035 2301 1124 2384 pasto
1147 2303 1346 2384 Baldulphus,
1376 2303 1509 2388 Colgrini

488 2391 589 2466 frater,
612 2393 732 2456 veniens
753 2405 789 2452 ut
803 2387 916 2454 obsesso
929 2412 1018 2475 opem
1032 2391 1132 2466 ferret,
1156 2391 1314 2464 aiCadore,
1339 2391 1417 2456 duce
1436 2396 1509 2459 Cor*

353 2545 359 2552 ,
486 2483 596 2553 nubiae,
618 2479 716 2542 vitius
731 2480 761 2541 ἃ
775 2475 898 2562 fugatus
912 2479 958 2552 sit,
983 2482 1012 2542 ἃ
1023 2481 1167 2543 Arturius
1180 2479 1309 2542 Eboraci
1322 2477 1510 2559 obsessionem

487 2565 629 2630 dimiserit
655 2580 775 2650 propter
797 2582 911 2632 metum
936 2566 1086 2630 Cheldrici
1110 2568 1206 2644 ducis,
1235 2565 1255 2636 ὲ
1278 2562 1441 2632 Germania
1465 2565 1510 2633 s·

487 2654 694 2740 pervenientis.

530 2743 692 2806 Communi
708 2739 828 2809 tandem
842 2737 954 2805 asl'ensu
970 2738 1054 2805 illuto
1063 2745 1226 2806 mittuntur
1235 2745 1421 2808 Armoricam
1435 2764 1509 2811 nun·

487 2832 522 2896 tii
545 2831 707 2914 adrogent
730 2830 872 2907 Hoelum,
894 2832 948 2915 qui
973 2834 1001 2903 ei
1023 2830 1222 2897 calamitatem
1245 2830 1419 2895 Brimnniae'
1435 2834 1510 2897 noti·

488 2919 620 2982 scatent.

533 3010 607 3069 Erat
625 3019 725 3066 antem
740 3005 854 3079 Hodlus
874 3004 953 3069 filius
968 3003 1073 3073 sororis
1089 3008 1204 3083 Arturi,
1227 3026 1266 3071 ex
1280 3008 1420 3085 Budici0,
1444 3030 1511 3094 rege

490 3095 753 3164 Armoricanorum
768 3097 937 3168 Britonum‚
959 3111 1128 3178 generatus,
1152 3097 1210 3160 dre.
1254 3098 1298 3158 Ur
1311 3099 1428 3161 Hoktm
1442 3118 1511 3161 cum

492 3181 663 3263 quindecim
677 3181 809 3245 millibus
821 3184 950 3246 militum
965 3188 1079 3253 Arturo
1089 3182 1234 3260 auxilinm
1246 3182 1359 3250 lamma
1373 3186 1405 3250 in
1420 3202 1512 3273 portu

490 3270 669 3344 Hammonis
682 3270 856 3354 appulerit„
904 3354 906 3360 Α

374 3446 378 3453 ,
881 3391 948 3454 'Ex
963 3402 1010 3457 20.
1029 3396 1106 3479 cop&

326 3505 402 3571 laune
417 3502 480 3553 Lin-
533 3494 667 3563 Emen'srs
682 3487 875 3580 postmodnm
887 3496 991 3581 paucis
1000 3488 1116 3571 diebus,
1130 3495 1235 3562 urbem
1250 3494 1451 3571 Caerlmdc'oit
1462 3521 1512 3587 pe·

325 3567 414 3636 mlii]
491 3588 567 3659 tivit,
591 3585 757 3671 tangaris,
779 3605 858 3669 quos
872 3581 957 3669 supra
972 3586 1144 3658 memoravi,
1166 3582 1316 3651 obseffam.
1404 3592 1407 3598 '

536 3677 609 3739 Haec
631 3690 733 3745 autem
751 3674 783 3735 in
806 3670 982 3737 Lindisrensr
1005 3674 1155 3755 provincia
1169 3672 1246 3741 inter
1268 3674 1332 3739 duo
1352 3674 1406 3739 sin:
1431 3673 1514 3761 super

492 3776 626 3825 montem
646 3760 750 3825 locuta-
766 3760 826 3824 alio
847 3762 968 3825 nomine
991 3758 1236 3825 Lindocollinum
1256 3762 1433 3845 appellatur,
1455 3766 1513 3831 ac.

491 3854 540 3926 De
553 3846 806 3916 saxonibusfnsts
819 3844 981 3932 arrogatis,
1004 3850 1059 3931 qui
1077 3848 1179 3913 urbem
1195 3847 1382 3919 obsrdebant.

328 3951 431 4003 aaronis
535 3936 610 4004 inde
622 3951 742 4020 arrepto
755 3936 857 4000 itinere
868 3957 981 4021 pagum
990 3936 1122 4007 Badonis
1137 3934 1235 4011 versus
1245 3939 1350 4005 urbem
1365 3939 1514 4007 obsident.

536 4024 690 4091 Postremo
714 4020 955 4088 sumersetensem
983 4026 1165 4109 provinciam
1193 4026 1346 4109 ingressus,
1381 4025 1441 4091 visa
1466 4050 1514 4093 co·

492 4116 592 4181 minus
605 4112 759 4179 obsidione
772 4115 803 4175 in
817 4114 882 4183 hac
899 4112 989 4205 verba
1003 4113 1121 4179 locutus
1135 4110 1187 4177 esi.

538 4203 688 4285 vergente
714 4200 833 4265 tandem
857 4196 916 4263 sole
941 4200 978 4265 ad
1003 4198 1140 4264 occasum
1167 4190 1341 4289 proximum
1370 4220 1517 4291 occupant

492 4304 640 4362 montem,
662 4308 718 4372 pro
731 4283 828 4351 castris
840 4309 910 4351 eum
925 4288 1069 4353 habituri.

503 4402 507 4409 ·
537 4372 677 4443 Ascendit
690 4377 842 4461 drthnrus
857 4397 926 4441 cum
941 4378 1073 4443 exercitu
1096 4374 1147 4445 suo
1161 4396 1325 4480 §acumem
1346 4376 1395 4445 sed
1417 4382 1451 4443 in
1475 4375 1516 4443 as-

492 4464 649 4540 cendendo
660 4463 773 4541 multos
786 4462 904 4551 suornm
918 4462 1023 4541 amisit,

1423 4554 1516 4657 Qu
