3392 5300
300 535 649 633 nnnrounnrr
693 489 1122 611 consecramus,
1242 592 1247 601 r
1306 494 1409 628 3⁶1¹

238 688 388 771 Sequitur
411 687 529 751 ibidem,
546 681 665 753 libellus
691 684 797 749 Alredi
823 685 1017 767 Rievallensrs
1042 690 1158 753 abbatis
1184 687 1224 753 de

282 776 363 839 bello
386 775 594 850 Smndardico,
618 775 686 837 data
706 794 798 855 opera
813 772 958 855 aJoanne
977 776 1079 839 Priore
1096 782 1222 862 Haugu·

281 862 417 927 staldensr
432 861 492 927 susc
511 857 648 925 Hislorlae
661 859 796 936 insertus,
818 880 858 924 ex
871 882 935 943 quo
960 860 1037 946 (supz
1053 865 1155 929 libello
1169 868 1222 929 Al·

281 951 360 1033 redi)
384 951 448 1013 haec
462 970 534 1033 quae
547 948 687 1013 secuntur
700 945 847 1031 exscripta
862 946 939 1013 sunt.

232 1036 549 1103 Adfuitawmerus
563 1035 666 1121 Espec,
681 1038 727 1100 vir
740 1033 836 1112 senex,
855 1038 886 1097 a
901 1036 1003 1118 plenus
1013 1037 1139 1116 dierum,
1153 1043 1220 1103 acer*
1305 1098 1309 1111 ,
1376 1034 1380 1046 “

190 1128 324 1209 ingenio,
347 1128 378 1188 in
388 1124 516 1189 consiliis
527 1127 668 1207 prudens,
691 1126 722 1187 in
740 1143 811 1205 pace
824 1123 984 1200 modestus,
1008 1125 1040 1189 in
1055 1129 1136 1191 bello
1149 1150 1218 1211 pro·

188 1215 300 1289 vidus,
331 1215 492 1277 amicitiam
524 1210 625 1290 sociis,
662 1211 755 1276 fidem
784 1209 898 1293 semper
933 1214 1054 1297 regibus
1092 1212 1216 1280 servans.

189 1306 267 1365 Erat
289 1303 317 1364 ei
342 1300 453 1365 statura
471 1300 589 1385 ingens,
610 1301 748 1363 membra
762 1302 862 1361 omnia
889 1315 977 1363 tantae
994 1303 1215 1385 magnitudinis
1239 1310 1293 1375 sag.
1310 1328 1364 1371 313.

188 1402 226 1451 ut
238 1388 369 1452 modum
381 1388 568 1463 excederent,
584 1389 613 1451 ἃ
627 1403 722 1459 tantae,
730 1389 901 1470 proceritati
917 1407 1124 1471 congruerent.
1162 1394 1217 1453 Ca·
1227 1376 1313 1489 39³¹ss

188 1476 255 1559 pilli
269 1478 359 1558 nigri,
374 1476 466 1553 barba
475 1475 602 1558 prolixa,
618 1474 701 1539 frons
716 1491 818 1557 putens
832 1476 862 1537 &
878 1476 980 1551 libera,
996 1478 1076 1539 oculi
1090 1480 1217 1561 grandes
1258 1458 1308 1505 με’

189 1566 220 1626 a
247 1561 439 1647 perspicaces,
462 1562 552 1627 facies
573 1562 760 1647 amplissima,
785 1561 913 1625 trastitia
930 1577 1037 1639 tamen,
1061 1586 1121 1628 vox
1135 1568 1231 1629 tuba*

189 1650 297 1715 similis
307 1648 489 1727 facundiam,
511 1671 580 1735 qnae
602 1653 629 1714 ei
643 1650 736 1715 facilis
749 1665 823 1725 erat,
845 1651 976 1733 quadam
991 1650 1051 1715 soni
1066 1652 1217 1733 majestate

188 1758 385 1822 componens.
431 1742 503 1801 Erat
518 1754 659 1823 praeterea
679 1737 786 1802 nobilis
807 1758 904 1813 carne,
928 1735 977 1801 sed
992 1739 1155 1803 Christiana
1171 1746 1217 1825 pi·
1294 1780 1296 1795 ·

187 1841 270 1889 etate
293 1826 433 1903 nobilior,
466 1846 574 1910 nempe
597 1847 666 1889 cum
690 1826 792 1890 liberis
820 1841 930 1887 careret
955 1827 1218 1903 heredibus,.licet

187 1912 342 1977 eistrenui
366 1930 487 1999 nepotes
502 1934 562 1976 non
576 1913 713 1989 deessent,
736 1913 774 1976 de
793 1913 915 1995 optimis
934 1928 1032 1977 tamen
1047 1914 1218 1999 quibusque

188 1998 413 2085 poiseffionstsns
433 1998 492 2063 suis
507 2000 657 2065 Christum
677 1998 749 2064 fecit
763 2000 914 2064 heredem.
959 2003 1036 2063 Nam
1051 2005 1082 2063 in
1096 2002 1165 2065 loco
1186 2026 1216 2067 a·
1418 2048 1425 2073 ,

188 2089 381 2166 moeriffimo,
403 2089 546 2152 Kircham
560 2090 691 2163 nomine,
709 2087 920 2151 monasterinm
933 2088 1129 2171 Regularium
1145 2112 1215 2155 con·
1226 2109 1302 2177 Origo
1312 2126 1366 2159 mo-
1405 2135 1409 2158 i

188 2177 269 2242 didit
282 2176 473 2251 clericorum,
495 2175 598 2239 multis
620 2176 695 2239 illud
709 2175 838 2239 donariis
859 2195 969 2239 ornans
991 2178 1133 2241 &ditans
1153 2175 1319 2263 pos-¹¹²!sterii
1331 2176 1359 2225 de

190 2262 374 2328 sessionibus.
419 2261 542 2346 Insuper
566 2266 596 2325 ἃ
616 2265 725 2346 palatia
745 2262 805 2337 sua,
830 2262 975 2325 thalamos
998 2261 1075 2339 suos,
1100 2266 1217 2330 cellaria
1227 2240 1351 2289 micham.

188 2348 243 2419 sua
257 2354 290 2416 in
299 2350 450 2415 seruorum
464 2349 576 2415 Christi
589 2351 758 2415 habitacula
773 2365 971 2427 commutans
1005 2352 1216 2420 Cistertiensem
1228 2370 1303 2435 urigo
1316 2369 1382 2419 niae·

187 2461 316 2524 quoque
329 2440 475 2517 ordinem,
497 2441 583 2521 cujus
598 2441 649 2503 vix
667 2437 779 2501 samam
793 2437 945 2500 audiverat
960 2440 1078 2523 Anglia,
1103 2440 1218 2505 favente
1225 2432 1333 2484 V³¹¹⁶¹¹s¹⁵
1346 2500 1352 2511 ,
1371 2512 1378 2527 γ

190 2528 246 2592 srbi
260 2525 390 2613 glorioso
413 2548 483 2609 rege
503 2529 643 2601 Henrico,
665 2529 698 2590 in
718 2527 883 2608 haspartes
905 2526 1036 2603 advexit,
1059 2517 1286 2611 suscipiensm⁰¹¹
1320 2517 1375 2549 εΗ

189 2614 300 2680 fratres
321 2616 361 2680 de
382 2614 559 2680 monasterio
583 2614 761 2678 nobilissimo
782 2613 985 2678 clarevallensi
1003 2636 1052 2698 per
1065 2616 1220 2680 manumi

190 2707 251 2768 deo
265 2704 368 2768 dilecti
382 2705 498 2768 abbatis
512 2705 664 2766 Bernardi.
697 2704 761 2790 Qi
776 2706 926 2765 venientes
942 2705 970 2764 in
983 2705 1123 2787 Anglinm
1139 2726 1221 2770 anno

186 2796 238 2859 Ἰ).
263 2811 359 2876 ¹¹32·
382 2792 462 2855 nosti
487 2792 587 2868 mcum
604 2792 643 2871 in
666 2792 741 2855 valle
768 2789 991 2874 profundissima
1016 2789 1101 2874 super
1122 2796 1220 2874 ripam

191 2882 259 2947 Riae
274 2880 328 2943 flu:
348 2880 427 2943 unde
450 2877 546 2963 ipsum
568 2879 776 2946 monasterium
789 2879 941 2942 Riaevallis
963 2899 1071 2942 nomen
1092 2883 1217 2964 occepit,

191 2971 306 3032 multos
324 2965 386 3034 suae
399 2969 552 3051 religionis
574 2965 655 3030 sama
680 2968 718 3028 ad
739 2969 885 3050 optimam
911 2965 1131 3031 aemulationem
1147 2969 1220 3032 inci·

193 3072 342 3121 taverunt.
387 3057 477 3120 Unde
485 3058 522 3137 *in
542 3055 627 3117 brevi
641 3055 830 3136 multiplicati
843 3051 931 3136 snper
956 3073 1125 3129 nnmerum,
1150 3057 1218 3137 plu-

193 3145 271 3206 rima
292 3146 325 3207 in
347 3165 441 3228 regno
463 3159 605 3227 utroque,
624 3143 741 3226 Angiiae
762 3139 871 3204 scilicet
893 3141 922 3204 δι
943 3143 1059 3218 Scotiae,
1083 3145 1219 3205 coenobia

192 3231 403 3297 condiderunt.
447 3235 528 3295 Nam
542 3230 701 3314 praedisius
718 3229 879 3304 walterus,
903 3250 963 3292 non
978 3231 1052 3292 dum
1074 3232 1159 3292 tantis
1177 3227 1219 3292 sa·
1318 3258 1320 3265 ⁴

194 3322 283 3383 tintus
300 3320 464 3406 beneficiis,
487 3323 519 3383 in
540 3321 689 3382 territorio
712 3317 912 3381 wardunensi
934 3315 1151 3381 famosissimum
1167 3339 1335 3400 perpemdu.

194 3406 312 3475 eosdem
331 3398 439 3470 fratres
457 3406 596 3470 fundavit
619 3404 836 3469 monasterium.
875 3404 1075 3468 Waverlenses
1096 3428 1299 3490 quoqnenum·

136 3548 140 3562 .
195 3487 314 3570 fratres,
344 3497 399 3578 qni
425 3495 568 3560 basianus
589 3494 673 3578 quusi
699 3497 728 3555 in
748 3492 871 3576 Angulo
899 3493 1061 3569 latuerunt,
1085 3495 1217 3578 cognitu,
1230 3481 1323 3526 ΜΝ
1369 3553 1375 3569 ,

191 3584 280 3673 qnod
305 3581 435 3664 ejusdem
460 3583 550 3650 essent
574 3582 698 3655 ordinis,
721 3579 952 3644 cistertiensmm
976 3579 1218 3644 monasteriorum
1228 3547 1335 3659 ἓξὲξ

195 3687 342 3735 auxerunt
356 3691 526 3739 numerum.
565 3669 668 3735 Itaalii
680 3669 719 3732 ab
731 3669 799 3751 ipsis
811 3667 1051 3730 Riaevallensrbns
1063 3668 1220 3750 procreati,

197 3762 245 3822 alii
260 3779 365 3822 eorum
379 3759 517 3841 exemplo
539 3759 691 3841 provocati
714 3755 976 3837 multiscoenobiis
996 3753 1123 3826 insulam
1137 3757 1223 3827 clari·
1367 3814 1370 3818 .
1401 3803 1408 3826 ,

197 3869 278 3912 orem
302 3847 508 3911 reddiderunt.
553 3846 641 3912 Unde
662 3866 716 3908 nee
738 3846 895 3907 immerito·
908 3845 1080 3906 coenobium
1096 3845 1220 3912 Riaeval·
1332 3851 1334 3856 ’
1501 3857 1506 3917 J

197 3933 275 4000 sense
288 3939 402 4010 ceteris,
419 3953 488 4016 quae
499 3937 530 3998 in
543 3934 653 4018 Anglia
667 3922 736 3996 susrt
750 3931 880 4010 eiusdem
895 3932 1018 4009 ordinis,
1033 3928 1111 3995 sama
1127 3935 1157 3994 8ι
1172 3954 1218 3997 re*
1370 3941 1373 3948 “

197 4022 309 4109 ligione
327 4023 477 4104 praecellit.

283 4109 399 4174 ibidem
413 4109 455 4172 est
470 4107 565 4173 oratio
579 4107 714 4172 Gualteri
729 4104 772 4170 Es
769 4128 821 4192 pec
836 4107 874 4170 ad
888 4107 1004 4191 Anglos
1022 4123 1217 4193 pugnaturos,

139 4271 142 4279 ,
328 4200 443 4260 artis&
456 4199 592 4262 omnium
606 4194 780 4258 adfeslunm
795 4195 965 4278 plenissima.
1219 4217 1221 4222 ’

239 4285 464 4350 Orasroibidem
476 4283 754 4349 RodbnrrideBrus
763 4285 801 4346 ad
812 4277 920 4357 David,
929 4301 1026 4366 regem
1037 4284 1219 4355 Scottorum.

282 4377 362 4456 Qnae
377 4371 512 4436 secuntur
533 4395 574 4438 ex
587 4372 741 4436 annalibus
756 4371 887 4449 Joannis,
911 4372 1022 4433 Prioris
1040 4370 1220 4455 Haugnlial·
1339 4405 1341 4408 ·
1360 4371 1373 4382 ”

283 4461 391 4534 denis,
415 4459 532 4545 sumpta
545 4459 623 4537 sunt,
646 4459 904 4544 quemadmodum
924 4460 955 4520 8r
968 4455 1066 4538 snpra.

201 4575 205 4580 ⁴
239 4549 341 4613 David
356 4549 414 4612 'rex
429 4551 501 4613 duas
520 4546 632 4614 sorores
646 4547 762 4620 habuit,
784 4547 910 4610 Mariam
929 4547 959 4607 dc
977 4543 1136 4608 Matildem
1151 4563 1221 4628 qnae

198 4639 298 4722 nuptie
322 4639 452 4705 Henrico
474 4640 546 4729 regi.
591 4637 718 4708 Mariam
740 4654 809 4696 vero
830 4653 929 4704 comes
952 4631 1142 4704 Bononiensis
1165 4633 1219 4693 ad-

133 4763 136 4766 *
207 4807 212 4814 ,
244 4727 356 4796 Tou.
373 4727 410 4793 11.
683 4719 704 4734 ”
742 4723 815 4795 .Zz.
1097 4715 1222 4806 sumpsit
