3392 5300
349 513 391 574 u
633 475 1361 564 Joauutstnnnuur.v

302 614 450 693 pyriten-
511 603 599 668 Adeo
619 604 765 688 siquidem
788 622 841 687 per
859 601 1029 674 uuiversum
1052 607 1156 670 orbem
1178 607 1305 672 nominis
1327 609 1392 691 ejus
1417 606 1497 675 sama

303 696 348 732 ¹¹⁰
358 677 394 732 ²¹·
466 693 590 758 celebris
604 696 750 766 extiterat,
774 709 808 755 ut
822 689 893 776 ipsa,
913 713 972 776 prae
985 694 1100 758 cunslis
1115 711 1199 758 terrae
1210 697 1342 780 regibus,
1364 717 1398 759 ac
1413 699 1494 780 prin·

421 803 424 808 ’
469 783 598 865 cipibus,
629 781 834 858 attactibus,
868 778 906 844 ad
930 781 1059 865 gloriam
1082 781 1183 860 suerit,
1210 786 1240 846 a
1265 785 1429 870 gentilibus
1454 787 1495 850 ad

470 887 625 936 terrorem.

469 1044 492 1112 b
511 958 670 1040 Philippus
692 976 791 1020 comes
814 955 970 1034 flandria,
994 959 1115 1023 Hearici
1135 958 1212 1046 regis
1234 979 1273 1023 ex
1286 957 1495 1026 amitacunso·

454 1096 458 1112 .
492 1046 585 1110 rinus.
1394 1059 1407 1085 ·

304 1137 352 1256 e·
364 1153 387 1186 2-
399 1137 428 1187 fi·
513 1138 593 1197 Tres
616 1131 690 1196 filias
705 1131 778 1210 suaa,
801 1152 876 1216 quas
891 1133 930 1197 de
944 1133 1034 1198 nobili
1049 1133 1177 1198 Alenora
1200 1136 1303 1220 regina
1317 1129 1491 1218 susceperat,

360 1203 396 1270 ³⁶]
468 1221 508 1285 ad
534 1236 590 1284 tres
612 1224 742 1304 Europae
762 1237 858 1302 partes
872 1221 1021 1305 oppositas
1038 1222 1204 1286 destinavit.
1250 1223 1407 1286 Saxoniam
1431 1225 1494 1306 pri·

468 1330 549 1374 marn
566 1311 693 1371 Henrico
714 1309 785 1372 duci
809 1313 951 1384 Saxoniae,
976 1306 1142 1391 Hispaniam
1161 1308 1320 1373 secundam
1344 1312 1406 1393 regi
1423 1317 1492 1374 To·

469 1396 559 1460 letani
575 1399 604 1458 &
625 1395 742 1459 Caslelli
761 1395 933 1479 Alphons03
959 1399 1085 1460 Siciliam
1108 1400 1225 1460 tertiam
1239 1397 1393 1460 Gulielmo
1408 1401 1493 1462 Sicu-

306 1485 568 1568 aptium-lorum
590 1488 663 1569 regi.
711 1488 758 1548 Ex
771 1484 873 1548 eadem
896 1485 1027 1548 Alenora
1052 1485 1102 1548 sex
1120 1507 1244 1569 quoqne
1266 1485 1344 1548 filios
1363 1487 1492 1569 inclytos

306 1569 385 1608 Μ’·
469 1572 603 1657 suscepit,
626 1593 756 1655 quorum
772 1573 892 1635 duobus
907 1575 938 1636 in
955 1577 1061 1638 teneris
1074 1577 1157 1636 annis
1173 1592 1349 1657 praemature
1359 1572 1491 1651 sublatis,

469 1679 598 1746 quatuor
612 1663 721 1724 adultis
745 1661 811 1745 plus
831 1677 913 1742 pater
929 1664 960 1724 in
981 1661 1054 1724 flore
1073 1683 1165 1745 quam
1186 1665 1217 1724 in
1242 1661 1353 1736 sruslu,
1378 1663 1444 1742 plus
1460 1665 1492 1726 in

469 1752 561 1900 besrba
580 1771 672 1834 quarn
693 1752 723 1812 ln
744 1748 832 1832 spica,
855 1751 923 1831 plus
944 1751 975 1812 in
990 1752 1089 1832 puetis
1111 1769 1202 1834 quam
1226 1751 1256 1812 in
1272 1751 1418 1834 protestis
1439 1771 1493 1836 ga-

470 1842 499 1902 vi
516 1837 615 1900 usesl.

514 1928 659 1990 Hernicus
677 1945 707 1990 2.
729 1923 864 1989 distraxit
878 1924 1041 1989 Alenorarn
1062 1945 1187 1990 uxorem
1207 1921 1288 1989 suam
1306 1924 1498 1990 aiLudovico

471 2016 576 2080 Franc:
593 2033 673 2097 rege.

484 2147 489 2178 ς
514 2105 619 2166 Petrus
634 2101 672 2162 de
688 2103 838 2182 Curteney
853 2099 945 2163 stater
967 2102 1111 2164 Ludovici
1129 2104 1205 2184 rugis
1219 2103 1322 2164 Franc:

425 2194 427 2197 ’
515 2192 587 2252 Tria
606 2187 792 2263 monasteria,
816 2209 883 2270 quae
903 2191 934 2252 in
960 2192 1204 2274 peregrinationia
1226 2186 1494 2272 compensationem

401 2295 409 2316 ’
470 2275 565 2342 facete
580 2277 733 2352 debuerat,
755 2277 795 2339 fic
812 2275 893 2338 seuit:

515 2369 682 2429 Canoniros
697 2360 778 2448 apud
791 2367 956 2442 waltham,
972 2365 1009 2429 ab
1024 2367 1149 2447 antiquo
1160 2364 1344 2448 singulariter
1356 2361 1385 2426 8'r
1396 2359 1495 2428 sansle

469 2456 538 2516 Deo
562 2434 727 2526 servientes,
759 2455 790 2515 in
816 2455 1039 2516 conventualem
1062 2463 1312 2534 communemque
1332 2455 1432 2525 vitam,
1463 2454 1493 2513 δε

469 2542 614 2625 regulam,
639 2541 728 2621 regali
746 2538 886 2620 potestate
901 2542 1024 2623 redegit.
1070 2542 1216 2602 Monlales
1232 2541 1269 2604 de
1286 2533 1493 2620 Ambrelbyrl,

465 2627 528 2693 hoc
541 2615 593 2707 ess,
610 2628 647 2693 de
660 2625 917 2703 Ambrosricuria,
934 2628 1099 2711 antiquitus
1111 2629 1264 2709 plantatas,
1280 2630 1448 2710 extirpavit,
1463 2629 1493 2691 &a

468 2718 549 2791 aliua,
565 2715 659 2792 idest,
677 2712 888 2789 transmarinus,
905 2716 942 2778 de
958 2721 1052 2778 Fonte
1065 2717 1190 2777 Ebrardi
1201 2718 1343 2777 violenter
1360 2714 1494 2778 intrusa.

471 2808 612 2871 'l'ertium
627 2826 698 2867 vero
712 2805 757 2864 vel
773 2804 890 2867 nullum
906 2806 951 2865 vel
968 2804 1059 2866 simile
1075 2802 1224 2884 prioribus·
1245 2804 1359 2885 srblque
1375 2794 1494 2885 prorsus

468 2890 574 2957 inutile
588 2890 671 2955 seuit.
717 2890 779 2953 Nisr
806 2890 883 2953 sorte
899 2894 1021 2953 domurn
1043 2892 1265 2953 conventualem
1287 2907 1401 2953 tantum
1423 2888 1492 2953 orda

469 2979 662 3045 Cartusrensrs
677 2980 715 3042 de
731 2979 866 3042 Witham
882 2978 988 3043 seilicet
1010 2981 1135 3045 modicis
1150 2978 1313 3063 sumptibus
1337 2981 1365 3040 a
1381 2980 1492 3047 exilem

468 3071 507 3133 ad
523 3071 581 3132 boc
596 3066 691 3132 secisse
709 3068 836 3129 dicatur.
1121 3120 1125 3131 ,

340 3164 395 3230 Prg.
409 3170 446 3215 ιε.
513 3158 599 3220 Obiit
621 3156 700 3239 apud
723 3156 894 3218 Martellum
922 3159 1068 3219 isenricus
1091 3177 1120 3238 3.
1143 3176 1204 3231 rex,
1237 3156 1313 3217 filius
1333 3156 1427 3217 He'u'r:
1450 3150 1493 3222 τ’.

470 3246 559 3328 regis,
582 3249 677 3306 aetatls
691 3242 910 3307 suaeatriueria
926 3266 956 3325 9.
974 3266 1036 3329 reg:
1056 3265 1125 3305 vero
1145 3266 1195 3321 14.
1213 3246 1335 3304 Domitii
1351 3249 1444 3307 1182.

514 3330 686 3417 Galsredus,
709 3350 808 3392 comes
822 3333 990 3407 Britannia,
1014 3334 1092 3395 filius
1114 3334 1233 3393 Hernici
1251 3350 1280 3395 2·
1303 3335 1380 3414 regis
1394 3331 1491 3417 Angli

470 3418 628 3504 transfugit
643 3421 679 3483 ad
691 3434 791 3502 partes
804 3420 934 3504 Philippi
949 3422 1037 3505 regis,
1053 3418 1141 3503 alquo
1155 3416 1342 3482 seneschallus
1358 3422 1381 3481 F
1382 3424 1494 3485 rauciae

470 3524 584 3571 creatus
599 3507 651 3571 ell.

514 3602 620 3659 Comes
637 3592 808 3659 Gaufredus
831 3595 936 3659 eodem
955 3617 1017 3679 quo
1033 3598 1063 3658 &
1077 3593 1168 3657 stater
1183 3610 1250 3656 ante
1263 3596 1370 3657 morbo
1384 3592 1493 3657 acutifa

470 3685 553 3759 sunu,
584 3688 614 3746 ἃ
645 3682 745 3746 febrili
774 3684 880 3759 calore,
917 3686 1051 3757 'laetulitar
1077 3700 1231 3765 correptus
1259 3681 1334 3744 infra
1366 3682 1489 3764 paucissr

469 3774 541 3848 dies,
565 3793 633 3835 cum
647 3773 778 3833 Frantiae
798 3773 890 3833 tutius
912 3772 1047 3855 regisque
1062 3776 1207 3855 praecipue
1226 3770 1326 3833 dolore
1340 3773 1490 3853 permaxi-

468 3882 529 3934 mo,
547 3860 661 3921 Pariliis
675 3861 752 3921 circa
763 3859 828 3921 Cal:
844 3862 927 3942 Aug:
941 3862 1029 3922 rebus
1043 3861 1179 3923 humanis
1193 3876 1349 3941 exemptus
1360 3858 1414 3920 est=
1429 3858 1491 3936 &cq

468 3968 503 4009 ut
520 3948 632 4012 Parisiis
646 3949 675 4008 in
690 3947 823 4009 cathedr:
841 3948 914 4011 eccl:
932 3952 963 4011 S.
980 3950 1080 4009 Mariae
1095 3946 1224 4029 sepultus
1240 3945 1285 4021 stt,
1309 3960 1403 4029 utque
1418 3946 1488 4008 Phi·

468 4038 568 4117 lippus
595 4056 657 4109 rex,
681 4037 744 4113 ejus
762 4032 855 4096 sunus
881 4056 997 4108 curans,
1022 4038 1146 4098 vuluerit
1167 4030 1194 4109 se
1213 4054 1359 4096 unacum
1381 4033 1434 4095 illo
1457 4034 1489 4101 in

467 4124 568 4185 lucum
589 4120 746 4206 sepultura
763 4124 955 4206 praecipitare,
979 4123 1032 4186 nist
1055 4124 1072 4187 a
1091 4122 1150 4187 suis
1169 4123 1313 4185 violenter
1332 4119 1490 4185 distraslus

467 4212 576 4275 luisset.

511 4299 654 4361 Henricus
671 4318 701 4363 ι.
727 4319 781 4361 rex
796 4298 889 4381 Angl:
905 4298 1074 4361 admonitus
1089 4298 1170 4381 apud
1190 4299 1310 4379 Cuinap
1329 4299 1359 4360 in
1373 4296 1488 4359 Wallla

464 4384 621 4471 aquodam
631 4388 798 4470 peregrino,
808 4402 841 4448 ut
853 4388 932 4448 diem
939 4388 1118 4451 dominicam
1128 4384 1488 4475 tanquamsacrosauslam

465 4474 599 4560 uttgiole
613 4477 782 4540 celebraret.

818 4602 835 4633 ιι
854 4584 882 4635 Id
891 4582 930 4650 cst,
947 4588 1080 4640 annuntii
1091 4604 1132 4646 ιγ.

1352 4657 1490 4737 Rogems
