3392 5300
281 425 1112 550 aurrounnttcounnotauna:
1287 461 1355 553 ras*

184 587 272 670 rium·
287 586 364 651 illud
386 584 564 664 habuissent,
585 581 744 648 canonicos
758 587 1145 676 recepit,‚ptaecipnamque
1166 589 1210 655 ibi

186 761 353 827 Turslanus
371 695 607 845 archiepblsbbpus
626 759 762 824 exhibuit
786 739 982 846 diligentiam,
1003 765 1033 826 8(
1053 766 1085 827 in
1105 763 1209 829 scrinio
1218 771 1364 834 alfleaae‚&

187 847 287 914 Sandis
310 845 490 923 renovando,
514 849 544 910 8(
559 851 589 912 in
611 847 729 912 ecclesia
744 843 904 920 dilatanda.
950 851 1014 916 Ubi
1029 873 1109 929 cnm,
1130 839 1364 917 vete-Ethils‘di'·

186 939 271 1004 ribus
295 935 494 1001 fundamentis
517 935 692 1010 deturbatis,
717 955 793 1000 nova
811 939 988 1018 jacerentur,
1011 939 1126 1004 inventa
1143 917 1329 1018 sauritim.

184 1028 352 1090 ‘amborum
366 1026 527 1109 conjugum
548 1025 579 1086 in
593 1025 710 1106 porticu
727 1022 845 1088 anllrali
858 1021 1023 1108 sepulchra,
1046 1029 1076 1090 8(
1088 1047 1284 1113 corporatum,
1295 1033 1377 1100 apula

184 1116 346 1198 antiquam
358 1114 548 1176 reverentiam
563 1111 784 1194 praetendentia.
1219 1101 1314 1150 chrum.

228 1205 266 1264 In
289 1199 395 1264 eodem
414 1219 490 1284 pago
507 1197 550 1262 esl
563 1193 858 1280 Winchelcumbense
879 1199 1101 1278 monasterium,
1122 1204 1211 1287 quod
1258 1267 1261 1276 ,
1344 1266 1346 1269 .

184 1288 377 1372 Kenulphus,
407 1307 460 1348 rex
484 1288 678 1363 Merciorum,
701 1286 866 1350 construxit
894 1291 1019 1372 ingenti,
1050 1293 1080 1352 8(
1105 1292 1212 1355 nostris

188 1376 375 1460 temporibus
398 1373 583 1462 incredibili,
605 1375 819 1450 munificentia,
853 1373 986 1459 fecitque
1010 1378 1136 1441 dedicari
1160 1402 1209 1445 ec·
1303 1383 1306 1396 '

185 1464 307 1548 clessam
329 1461 346 1526 al
360 1483 446 1528 1111.
473 1460 624 1546 episcopis,
647 1482 777 1548 quorum
791 1465 927 1548 princeps
942 1482 1005 1528 erat
1019 1463 1209 1546 Wulsredus,

185 1547 424 1635 archiepiscopus
439 1553 528 1612 Cant:

230 1640 278 1704 Ibi
304 1641 335 1702 in
357 1640 406 1703 illa
422 1638 616 1706 dedicationis
629 1660 739 1724 pompa
763 1636 909 1704 indecem
935 1643 1045 1706 ducum
1059 1656 1210 1706 conventu

185 1726 359 1792 manumisit
373 1726 410 1789 ad
425 1725 515 1790 altare
533 1747 634 1811 regem
649 1729 900 1802 cantuaritarum,
922 1751 1013 1812 quem
1028 1751 1124 1812 nuper
1139 1731 1215 1793 belli

182 1819 252 1896 jure
266 1830 383 1898 ceperat
397 1813 561 1898 captivum,
577 1816 633 1878 dte.
678 1815 797 1892 Ibidem
816 1815 855 1879 de
869 1817 977 1900 insigni
991 1818 1166 1883 liberalitate
1180 1819 1216 1880 8(

175 1904 332 1976 ¹donatiuo
346 1902 519 1986 Chettulphi
534 1923 605 1986 erga
618 1905 714 1968 omnis
729 1904 844 1988 generis
859 1903 1004 1969 homines.
1023 1964 1026 1969 ⁴

232 1993 301 2054 Hoc
314 1989 537 2073 monasterium,
558 2006 594 2052 ut
606 1988 719 2073 semper
740 1992 884 2054 labuntur
901 1992 1038 2055 mortalia
1058 1993 1090 2054 in
1104 1992 1218 2073 detur<

187 2076 264 2155 sum,
288 2099 357 2142 curn
373 2094 507 2161 tempore
520 2076 600 2163 regia
614 2079 738 2160 AEdgari
753 2077 815 2142 solo
827 2075 889 2141 sere
903 2081 1022 2142 nornine
1035 2078 1132 2156 staret,
1156 2104 1209 2166 per
1227 2093 1285 2163 rag.
1296 2096 1357 2159 aaut

187 2166 313 2230 beatum
336 2162 524 2229 Oluualdum
549 2166 704 2229 nonnihil
727 2163 927 2230 resuscitatum
942 2166 995 2230 est.
1039 2169 1148 2232 Fadius
1166 2172 1210 2236 ibi
1395 2174 1398 2189 '

187 2259 356 2326 Germanus
370 2255 471 2328 abbas,
486 2273 578 2337 quern
591 2253 629 2316 de
643 2250 889 2340 Floriacosecu'm
904 2255 1080 2333 adduxerat,
1098 2269 1210 2342 magno

187 2336 247 2406 suit
262 2343 435 2424 adjumento
450 2343 479 2404 8(
492 2341 638 2425 religioni,
662 2342 691 2404 8(
705 2339 908 2406 restaurationi
922 2343 1057 2407 ecclesiae.

229 2431 279 2496 lbi
300 2425 455 2512 requiescit
470 2445 552 2512 pater
567 2427 760 2511 Chennlphus
773 2451 843 2492 cnm
857 2427 920 2492 filio
939 2433 1093 2505 Kenelmo‚
1117 2453 1210 2516 quem

187 2521 304 2601 genitor
333 2513 499 2600 septennem
527 2516 710 2604 Qendridae
744 2514 835 2580 sorori
871 2516 1011 2580 alendum
1040 2521 1218 2603 reliquerat.v

190 2609 246 2673 Sed
259 2605 308 2671 illa
318 2603 394 2671 salso
405 2603 564 2691 cupiditati
574 2600 636 2692 suae
650 2625 778 2691 regnum
787 2595 931 2692 pollicita,
946 2603 1141 2673 fraterculum
1150 2609 1211 2695 tol-¹

1338 1894 1352 1924 l

203 2760 206 2768 ,
507 2752 511 2759 -
654 2716 692 2765 cul
749 2754 753 2770 ,
1243 2754 1246 2759 .

188 2783 312 2849 lendum
335 2781 353 2849 ὲ
376 2784 476 2849 medio
501 2781 703 2867 satelliti,‚qui
725 2784 862 2852 alumnus
885 2800 960 2862 erat,
983 2787 1208 2856 commendavit.

188 2876 217 2935 Is
229 2871 376 2938 insontem
398 2872 481 2957 quast
496 2890 638 2937 venatum
659 2872 770 2953 ducens
785 2876 890 2937 intera
906 2870 1035 2938 srutesta
1049 2867 1210 2940 obtrunca«

189 2974 255 3024 tum
271 2960 414 3029 occuluit.
764 3033 767 3042 ¹
1111 3035 1116 3045 ⁴

277 3050 340 3113 Ubi
350 3049 486 3133 loquitur
500 3048 538 3112 de
552 3046 675 3111 funerali
693 3068 812 3131 pompa,
836 3068 899 3133 qna
913 3048 1021 3133 dusius
1035 3047 1092 3113 suit
1106 3054 1169 3132 Ke}

322 3138 437 3201 nelmus
452 3136 722 3202 Winchelcomum.

230 3229 280 3289 Ita
302 3223 478 3289 clericorum
500 3224 595 3287 vocali
610 3238 711 3300 cautu,
733 3226 763 3285 8(
782 3224 932 3293 laicorum
952 3221 964 3272 l
982 3223 1094 3309 plausu,
1117 3224 1213 3309 parril
1304 3221 1309 3230 '

188 3310 256 3377 cida
270 3310 380 3375 semina
394 3326 553 3387 commota,
569 3310 586 3375 ὲ
599 3308 724 3399 fenestra
737 3312 893 3387 coenaculi,
916 3316 1023 3395 inquo
1037 3313 1141 3388 slabat,
1161 3335 1225 3378 (αι

190 3416 246 3482 put
258 3399 377 3474 extulit,
387 3399 415 3463 &
426 3397 501 3463 sorte
513 3396 658 3464 Psalmum
668 3400 814 3476 cantabat,
828 3408 848 3435 “
861 3404 945 3463 Deus
954 3401 1073 3463 laudem
1083 3405 1211 3475 meam,”

189 3509 282 3570 quent
304 3486 396 3550 alsine
410 3486 505 3566 nescio
528 3508 590 3571 qno
611 3486 756 3570 praestigio
771 3501 782 3533 ⁶
799 3487 972 3571 retrograde
990 3486 1112 3572 ducens,
1135 3490 1211 3551 nite-

190 3576 282 3637 batur
294 3575 434 3638 laetitiam
457 3578 641 3640 cantantium
661 3574 817 3641 infirmare.
862 3580 951 3638 Tum
971 3595 1041 3637 vero
1062 3578 1091 3638 vi
1111 3576 1211 3639 divina

190 3662 307 3726 lumina
327 3661 463 3727 veneficae
475 3654 562 3726 'cavis
585 3662 706 3726 orbibus
728 3662 825 3725 evulsa
844 3683 952 3726 cruore
972 3660 1085 3726 versum
1111 3663 1210 3746 pollu-

191 3766 290 3814 erunt.
338 3757 360 3787 “
375 3752 530 3831 Hocopua
544 3770 660 3824 eorum,
681 3752 735 3832 qui
750 3751 909 3814 detrahunt
923 3749 999 3813 mihi
1013 3751 1093 3832 apud
1109 3752 1209 3824 deum,

191 3838 258 3903 “dt
281 3838 334 3921 qui
348 3838 514 3919 loquuntur
529 3840 605 3902 mala
626 3836 763 3901 adversus
778 3841 904 3901 animam
919 3844 1043 3903 meam.’'
1087 3839 1209 3902 Cruoris

193 3924 275 4009 dgna
300 3940 404 3988 extant
425 3926 524 4002 hodie,
557 3928 772 3989 immanitatem
795 3926 978 3989 mulierculae
1005 3929 1035 3989 8(
1063 3926 1209 3997 ultionem

194 4010 343 4096 spirantia.
486 4041 489 4056 t
837 4034 842 4045 ·

237 4100 290 4163 Est
309 4103 338 4162 8(
354 4100 562 4165 monasterium
582 4100 788 4175 Theokelbiti,
810 4100 895 4183 quod
918 4101 1033 4163 noviter
1048 4097 1221 4175 Robertut,

191 4187 273 4261 ¹lilius
296 4189 462 4265 Haimonis,
486 4187 585 4253 satore
606 4186 658 4253 suo
682 4188 829 4273 provenit,
861 4209 914 4253 nec
938 4186 1023 4257 facile
1045 4205 1209 4266 metnotatn

196 4292 343 4359 quantum
359 4272 508 4341 exaltavit.

225 4465 241 4495 a
253 4448 289 4497 Sic
298 4448 364 4497 etiam
373 4450 396 4497 itt
408 4449 458 4499 slas⁴
469 4449 548 4499 Sessar.
570 4453 623 4499 Nec
632 4449 698 4499 aliter
706 4449 875 4517 apuoPsttium.
893 4449 967 4500 Sedit
974 4449 1019 4499 Ed.
1025 4427 1084 4499 Saul
1095 4451 1213 4499 fruticeta.

195 4508 298 4628 lEplaScri
309 4511 391 4579 plausu
402 4517 454 4567 Mi.
466 4514 545 4567 Seller.
554 4508 586 4571 ¹&
596 4516 640 4567 Ed.
651 4516 707 4571 Stat,
740 4532 755 4564 o
771 4517 885 4570 startiam
897 4516 955 4566 MS.
966 4516 1019 4568 Sesl.
1036 4516 1211 4581 Retrogradntn

235 4612 241 4627 .
269 4594 310 4629 αν.
710 4608 711 4617 1

328 4664 348 4717 2
1020 4617 1022 4622 Ι
1054 4634 1060 4649 ’
1105 4647 1213 4712 fuerat
