3392 5300
170 602 172 616 ,
278 516 1140 629 Autrounrrneotuncrnusr„
1280 529 1325 610 ry

179 671 236 738 &o
282 666 397 735 Ibidem
422 690 484 755 quo
503 670 590 753 padio
613 667 702 732 Nesta
726 668 834 743 filium,
858 666 930 749 quia
945 681 1105 729 amatorem
1121 660 1206 727 adul·

181 774 279 821 terum
292 761 355 839 ejus
370 760 577 841 flagellaverat,
592 756 827 830 exheredaverit,
847 758 918 817 dato
933 758 1015 837 prius
1025 755 1206 834 juramento,

180 848 337 909 Mahelum
361 868 420 909 non
443 844 526 908 fuisse
540 866 579 908 ex
601 844 760 919 Bamardo,
785 842 832 906 fed
853 862 891 905 ex
912 844 1049 918 adultero
1062 834 1370 924 quodam,M1¹⁰fitd0·

1218 903 1299 951 minus
1314 906 1370 951 Bra·
1437 916 1441 922 ·

179 938 328 1019 genitum,
344 934 374 997 ἃ
389 935 444 996 hac
459 934 578 997 ratione
590 932 737 995 hereditas
748 932 917 994 Bracbaniae
931 931 1049 992 devenit
1063 931 1101 991 ad
1115 931 1206 990 filiam
1216 968 1315 1019 chaniae.

179 1023 336 1097 Bernardi,
351 1042 419 1105 quae
432 1022 529 1103 postea
541 1021 640 1103 nupsit
654 1020 772 1092 Miloni,
791 1018 853 1080 filio
868 1018 1025 1091 Gualterii,
1049 1015 1204 1079 constabu-

178 1111 449 1185 lariiGloverniae3
472 1111 527 1191 qui
543 1106 680 1191 posteaai
695 1106 820 1171 Matiide
838 1108 1023 1188 imperatrice
1037 1104 1133 1167 fadius
1148 1101 1205 1166 fuit
1217 1113 1280 1165 Milo
1291 1129 1354 1162 crea·

179 1219 281 1261 comes
305 1197 496 1271 Hereiordiae,
529 1200 582 1278 qui
603 1197 698 1258 filium
722 1194 906 1257 Guiieimurn
929 1196 1049 1255 nomine
1068 1193 1206 1264 heredem
1215 1191 1369 1297 mmai&

177 1288 296 1371 genuit‚
319 1287 373 1369 qui
388 1284 487 1369 postea
502 1285 582 1368 apud
597 1284 784 1347 Gulielmum
799 1282 836 1345 de
852 1279 977 1345 Ciifford
992 1284 1023 1343 in
1037 1279 1156 1344 castello
1169 1281 1207 1344 de
1288 1264 1317 1296 οἳ

245 1405 263 1439 n

179 1458 315 1521 Breuiais
330 1456 400 1519 teni
414 1458 506 1521 ruinis
521 1456 671 1539 oppressus
688 1456 740 1519 est.

223 1551 302 1608 Erat
314 1562 413 1607 autem
428 1548 594 1627 antiquitus
609 1548 737 1629 regionis
752 1542 840 1618 illins,
864 1562 933 1628 qnae
956 1542 1064 1607 dicitur
1078 1542 1205 1606 Breche·
1252 1604 1255 1608 ,

178 1638 279 1711 triaue,
303 1634 472 1709 dominator
490 1636 536 1695 vir
561 1654 664 1715 potens
687 1637 716 1696 ἃ
736 1634 854 1708 nobilis,
876 1634 926 1695 cui
945 1652 1053 1695 nornen
1076 1628 1205 1695 Bracho-

539 1757 552 1789 θ
601 1756 614 1789 e

178 1831 249 1889 nus,
266 1808 355 1891 siquo
370 1810 398 1870 8<
412 1824 487 1871 terra
500 1809 702 1871 Brachaniauc
714 1809 901 1872 denominata
912 1807 964 1871 est.
994 1814 1043 1872 De
1053 1828 1117 1891 quo
1128 1809 1203 1872 mihi

178 1898 313 1961 notabile
337 1898 464 1971 videtur,
489 1898 571 1979 quod
596 1894 689 1981 ipsum
705 1900 813 1981 viginti
836 1899 967 1981 quatuor
982 1896 1114 1959 habuiffe
1128 1898 1204 1960 filias

178 1986 309 2049 historiae
334 1987 509 2047 Britannica
533 1984 684 2059 testa-ntur,
706 2006 810 2047 omnes
833 1989 851 2047 a
874 1986 999 2067 pueritia
1022 1984 1142 2047 divinis·
1152 1985 1203 2048 de·

178 2074 257 2135 ditas
272 2069 431 2154 obsequiis,
455 2074 485 2133 ἃ
500 2075 530 2133 in
545 2071 706 2135 sandiitatis
721 2074 872 2155 affurnptae
890 2072 1040 2155 proposito
1053 2074 1145 2134 vitam
1160 2070 1204 2135 fe·

179 2162 276 2223 liciter
297 2160 471 2222 terminasse.
516 2164 629 2225 Extant
651 2179 751 2223 autem
767 2161 892 2223 basilicae
914 2162 952 2223 ad
968 2160 1027 2223 hnc
1043 2180 1095 2242 per
1115 2164 1205 2222 Cam-

178 2248 277 2312 briam
299 2250 413 2323 multae,
436 2266 535 2309 earum
556 2250 724 2311 nominibus
740 2246 900 2311 illustratae.
945 2252 1083 2334 Qarum
1102 2239 1159 2309 una
1174 2251 1206 2310 iu

179 2338 333 2421 provincia
349 2336 386 2397 de
401 2336 612 2410 Breeheniauc,
638 2356 699 2397 non
723 2338 828 2419 procul
853 2334 980 2399 acassro
998 2336 1154 2417 principaii
1168 2335 1206 2396 de

178 2423 400 2497 Aberhotheni,
423 2426 453 2485 in
468 2424 551 2485 collis
565 2422 718 2504 cujusdam
733 2426 840 2485 vertice
852 2423 913 2498 fita,
937 2442 1006 2506 quae
1020 2420 1125 2487 saneta
1135 2424 1208 2483 Ein-

180 2515 273 2577 nethe
296 2511 413 2574 ecclefia
442 2512 571 2573 dicitur:
605 2513 662 2575 hoc
686 2514 795 2576 etenim
822 2513 945 2597 virginis
970 2508 1075 2573 sanda
1100 2528 1209 2573 nomen

180 2603 331 2664 extiterat.
376 2603 454 2685 Quae
475 2600 631 2664 &ibidem
648 2600 756 2664 terreni
776 2601 853 2684 regis
866 2600 983 2684 nuptias
997 2595 1145 2684 respuens,
1168 2618 1206 2660 ae·

182 2705 268 2752 terno
283 2689 397 2750 nubens
411 2689 486 2772 regi,
509 2686 588 2750 felici
605 2691 746 2770 martyrio
762 2691 966 2772 triumphavit.

225 2775 281 2839 Est
305 2777 398 2860 igitur
421 2777 483 2839 haec
499 2792 575 2838 terra
594 2774 663 2839 'satis
677 2777 832 2838 abundans
846 2799 962 2860 grano:
987 2777 1017 2838 ἃ
1038 2774 1145 2860 siquis
1163 2773 1207 2839 est
1283 2838 1285 2842 .

180 2862 319 2927 defedtus
342 2865 453 2938 inuam,
475 2883 515 2928 ex
533 2863 706 2946 Anglicanae
720 2867 879 2928 vicinitatis
900 2865 984 2946 copia
999 2863 1112 2926 affatim
1133 2861 1205 2946 sup·

180 2953 283 3035 pietur
297 2950 399 3028 aliato,
414 2949 565 3036 pascuis&
576 2949 669 3032 sylvis,
684 2951 754 3014 feris
769 2953 798 3013 &
813 2953 952 3015 armentis
967 2967 1043 3014 terra
1054 2950 1205 3014 foecunda.

181 3041 248 3104 Flu.
277 3059 400 3124 quoque
424 3037 551 3122 piscibus
574 3039 717 3113 abundat,
740 3059 817 3122 qnos
840 3041 909 3101 hinc
929 3036 1013 3113 Osca,
1037 3042 1107 3102 inde
1122 3042 1207 3122 Vaga

181 3125 336 3192 ministrat.
383 3118 570 3190 Sdlmonibus
593 3129 671 3189 enim
694 3131 724 3190 8c
744 3143 757 3173 a
774 3129 898 3190 Turtria
913 3148 1050 3210 utraque,
1074 3123 1122 3189 sed
1137 3127 1206 3211 pius

181 3215 240 3278 illis
257 3219 354 3300 Vaga,
370 3214 435 3297 plus
448 3215 506 3278 istis
518 3214 602 3290 Osca,
618 3213 757 3278 foecunda
768 3212 819 3278 est.
851 3217 985 3298 Hyemali
1000 3235 1122 3298 quoque
1133 3232 1206 3277 tem·

183 3321 254 3385 pore
277 3307 369 3386 Vngae
393 3299 544 3378 salmones,
578 3300 678 3364 aestivo
705 3323 776 3365 vero
804 3301 887 3366 Oscae
910 3302 1073 3386 tempestivi
1097 3303 1205 3386 reperi-
1228 3313 1337 3378 Pagrae

183 3408 287 3456 untur.
334 3391 469 3474 Egregiis
482 3413 562 3466 vero,
586 3411 663 3473 quos
683 3387 847 3453 &umbras
871 3408 987 3465 vocant,
1012 3389 1072 3454 sola
1088 3391 1207 3453 timallis

182 3481 267 3564 Vaga
281 3475 423 3542 foecunda
445 3477 496 3556 est,
520 3481 550 3542 in
573 3499 703 3561 quorum
724 3477 851 3554 laudem,
876 3483 1018 3562 quoniam
1039 3480 1070 3540 81
1089 3479 1206 3541 Medio·

185 3566 241 3630 iani
266 3565 432 3640 abundant,
463 3567 494 3628 in
520 3565 680 3628 Ambrofio
702 3568 859 3649 reperitur.
906 3575 928 3602 ‘⁸
956 3567 1057 3650 Quid,
1091 3567 1206 3649 inquit,

185 3662 205 3689 “
220 3653 340 3736 aspediu
347 3654 512 3737 pulchrius,
520 3655 593 3738 quid
601 3654 691 3716 odore
698 3651 904 3738 suavius,quid
914 3653 1205 3738 gudujucundius'’?

187 3743 287 3804 Luciis
308 3761 443 3892 guoque,
467 3742 644 3826 &perchiis,
662 3739 820 3825 turmisque
835 3744 1018 3826 peroptimis,
1040 3743 1207 3817 damnabis,

186 3831 307 3912 anguilli
322 3851 382 3914 que
397 3829 510 3904 lutosis,
533 3830 613 3892 lacus
638 3830 687 3892 ille
701 3849 827 3914 magnus
850 3831 888 3893 de
909 3829 1144 3894 Brechenauc&
1163 3831 1209 3893 fa·

187 3913 282 3978 mosus
296 3914 694 4000 (tquoniamsrclamosum
704 3919 821 3997 dicunt)
839 3920 962 4000 patriam
973 3919 1076 4001 replet,
1086 3920 1207 4000 dequo,

187 4005 269 4084 quod
297 4023 403 4087 parum
428 4021 495 4070 ante
517 4006 581 4068 haec
606 4004 703 4066 nostra
726 4021 860 4088 tempora
881 4009 1055 4090 contigerat,
1088 4022 1207 4088 praeter·

181 4091 314 4154 eundum
343 4112 405 4155 non
428 4095 541 4175 putavi.
589 4097 743 4176 Tempore
766 4109 905 4176 namque,
920 4089 1097 4177 'Angiorum
1118 4095 1207 4176 regis,

188 4179 308 4242 Henrici
324 4181 422 4262 primi,
440 4181 600 4264 Gripbin0‚
621 4181 685 4243 filio
699 4180 808 4255 Rhaesr,
830 4181 906 4244 cfilii
923 4182 1090 4255 Theodori,
1114 4203 1209 4264 quan·
1319 4202 1325 4211 ⁴

187 4285 279 4348 quam
292 4271 381 4330 nnius
396 4267 545 4330 Kemmoti
560 4265 664 4343 solnm,
685 4269 715 4328 id
732 4267 782 4342 est,
804 4287 917 4354 quartae
932 4271 1024 4353 partis
1039 4270 1209 4345 Cantaredi,

188 4353 230 4418 de
242 4355 322 4418 Kaoc
336 4353 453 4432 scilicet,
476 4357 509 4420 in
524 4361 718 4420 Cantermaur
734 4371 806 4421 tunc
821 4359 953 4434 domino,
975 4359 1096 4420 nomine
1111 4373 1211 4421 tamen

223 4527 344 4588 antenus,
361 4529 442 4586 trutis,
460 4529 500 4578 vel
518 4531 608 4578 trustis.
643 4530 741 4578 Turaris
757 4539 842 4590 temeri,
861 4531 889 4582 d*
904 4541 995 4592 tumn,
1010 4530 1088 4597 pesilo
1106 4530 1211 4595 inferias.
1239 4532 1246 4539 '

189 4589 206 4638 l
223 4593 296 4662 Qem
304 4608 349 4663 pro
360 4595 474 4659 quoniam
487 4594 565 4647 babent
576 4595 622 4648 alii.
657 4612 668 4644 c
685 4595 746 4646 filio
759 4597 820 4646 MS.

329 4722 351 4783 4
670 4693 672 4704 ’
1118 4701 1301 4788 ,δτ,
