3392 5300
255 588 258 606 Ι
311 508 681 598 -Anrrounrttr
726 484 1162 587 contuorrunn(
1334 536 1370 592 u

207 671 211 676 ’
275 649 361 709 Sicut
383 663 482 710 antem
503 647 630 709 aiBruto
655 646 731 710 duce
745 651 880 712 Britones
903 671 1009 715 nomen
1019 661 1187 729 traxerunt,
1212 652 1251 736 stc
1334 664 1336 670 ’

230 734 386 797 Hibernici
401 737 440 796 ab
455 736 581 797 Hebraeo
594 735 682 810 duce,
705 737 760 811 vel,
784 734 944 800 secundum
964 741 1047 814 alios,
1072 743 1110 803 ab
1126 744 1251 818 Hibero,
1341 753 1342 758 ’

208 818 378 903 Hispaniae
401 824 467 884 flu:
492 825 573 885 unde
599 840 801 905 provenerant.
846 826 929 887 Disti
952 823 1021 890 sunt
1046 831 1076 889 dt
1091 831 1209 892 Gaideli
1232 829 1249 892 ὲ

140 948 145 965 .
229 909 306 971 duce
322 911 360 972 stc
374 911 476 972 dieto:
499 910 574 973 ficut
595 911 634 972 ab
649 931 743 972 uxore
758 912 874 974 Gaideli
896 912 986 989 illius,
1010 936 1078 996 quae
1094 917 1249 980 vocataest

229 1000 329 1070 Scuta,
355 997 430 1060 disis
441 997 507 1060 sunt
522 999 612 1060 Scoti.
649 999 890 1082 Quidamtamen
906 1015 1059 1062 autumant
1071 1001 1246 1086 &Vandalis

226 1083 266 1144 de
291 1087 401 1166 quibus
417 1087 588 1168 originalem
610 1085 717 1147 lineam
734 1086 855 1164 duxere,
879 1086 954 1152 suut
977 1089 1131 1174 originem,
1155 1092 1196 1157 fic
1217 1095 1248 1155 &

226 1175 478 1252 nuncupationem
492 1174 635 1235 Gaidelos
649 1174 776 1237 traxisse.

269 1261 440 1322 Patriarcha
458 1263 487 1322 a
501 1263 618 1323 Primus
633 1261 724 1322 idem.
988 1313 992 1326 ,
1217 1313 1220 1320 .

270 1346 496 1428 corepiscopus,
519 1351 573 1430 qui
587 1349 624 1410 de
638 1347 841 1413 chorosolum
858 1348 900 1412 est
914 1350 1063 1434 praelatus.
1108 1355 1165 1418 Hic
1181 1369 1244 1421 tart-

224 1447 290 1495 tum
306 1437 435 1497 minores
450 1437 568 1500 ordines
585 1433 768 1523 conserebat.

310 1537 313 1544 ¹
452 1550 555 1595 Saxones
615 1569 618 1573 ’
999 1603 1000 1606 ,

268 1611 366 1685 Unde,
402 1612 568 1696 Paganismi
602 1616 744 1687 nimirum
771 1612 911 1697 spurcitia
947 1631 1043 1680 totam
1071 1619 1155 1702 regni
1183 1617 1245 1684 fere

223 1691 408 1778 superficiem
433 1703 661 1780 contaminante,
685 1705 816 1786 reliquiae
838 1705 1007 1780 Britonum,
1031 1710 1145 1789 quaein
1166 1711 1244 1770 occi·

221 1785 292 1846 duis
307 1786 407 1848 Insulae
428 1790 537 1851 finibus
553 1787 590 1864 se,
615 1808 736 1873 propter
751 1794 886 1853 locorum
903 1795 1090 1871 munitionen,
1114 1793 1243 1878 suscepe-

220 1888 301 1947 rant,
325 1875 416 1937 fidem
441 1877 549 1939 Christi
575 1875 735 1959 susceptam
752 1879 981 1942 &documenta
1004 1881 1148 1944 catholica
1170 1905 1242 1946 eon-

220 1962 305 2021 tinue
329 1959 440 2044 semper
464 1967 494 2026 &
514 1966 680 2029 inconcusse
709 1964 905 2029 servaverunt.
950 1971 1090 2030 Unde&
1116 1971 1243 2034 ecclesiae

219 2049 373 2111 nonnullae
394 2052 479 2114 intra*
495 2055 639 2116 Cambriae
654 2051 790 2136 spatium,
813 2073 882 2138 quae
895 2055 986 2118 hodie
1002 2057 1169 2120 adulterino
1191 2079 1243 2122 vo·

775 2159 828 2220 sup:
841 2159 935 2224 Fugatii
946 2159 970 2206 8t
983 2161 1103 2209 Damiani.

222 2222 331 2284 cabulo
353 2226 465 2289 Wallia
491 2227 609 2303 dicitur,
632 2226 753 2294 nomine
774 2225 986 2309 praedisiorum
1008 2225 1140 2292 sundatae
1163 2229 1243 2295 iuve-

221 2313 360 2385 niuntur,
879 2342 882 2346 ·

244 2392 247 2403 '
266 2402 393 2463 Arthuri
408 2421 539 2483 quoque,
564 2401 722 2464 Britonum
736 2403 812 2483 regis
826 2401 938 2480 inclyti,
962 2404 1103 2464 memoria
1123 2424 1184 2467 non
1199 2404 1241 2470 est
1251 2419 1371 2478 arturius.

219 2480 452 2568 supprimenda:
469 2489 609 2571 quoniam
619 2504 633 2534 α
645 2487 807 2550 monaster:
825 2485 1038 2551 Glasconiensrs
1053 2493 1170 2573 egregii,
1187 2507 1239 2555 ett-
1251 2493 1297 2556 *Di
1316 2551 1318 2558 ,

213 2574 268 2654 jus
283 2577 313 2636 st
327 2575 387 2659 ipse
402 2592 542 2658 patronus
558 2572 615 2636 suis
637 2577 742 2637 diebus
761 2573 856 2638 suerat
871 2581 1047 2660 praecipuus,
1071 2580 1239 2665 &largitor

218 2682 257 2723 ac
282 2660 449 2726 sublevator
465 2664 648 2749 magnificus,
671 2664 798 2726 historiae
815 2666 946 2733 multum
968 2666 1129 2729 extollunt.
1174 2672 1239 2733 Prae
1249 2688 1304 2755 Pag.
1320 2706 1358 2753 ¹4·

216 2751 332 2813 cundiis
348 2755 425 2813 enim
440 2752 564 2813 ecclesiis
579 2753 662 2833 regni
676 2749 720 2813 sui
735 2756 766 2815 S.
784 2752 841 2812 Dei
861 2756 1019 2835 genetricis
1033 2757 1137 2817 Mariae
1152 2756 1238 2821 Glas·

112 2879 114 2886 ·
216 2858 286 2900 con:
306 2838 454 2901 ecelefiaut
478 2842 544 2921 plus
568 2838 684 2915 dilexit,
709 2842 739 2901 8<
763 2858 822 2921 prat
846 2842 950 2902 ceteris
963 2841 1052 2923 louge
1072 2845 1173 2923 majori
1187 2846 1240 2927 de.

215 2928 339 2987 votione
354 2932 511 3008 promovit.
549 2927 650 3001 Unde,
670 2946 739 2989 cum
755 2926 882 2989 bellator
896 2929 1035 3003 extiterit,
1055 2930 1085 2991 in
1100 2934 1238 2998 anteriori
1325 2974 1329 2989 ι

214 3028 301 3097 parte
314 3014 408 3095 clypei
431 3012 475 3075 sui
497 3016 589 3076 beatae
604 3016 722 3096 virginis
737 3017 895 3097 imaginem
909 3015 1044 3090 interius,
1067 3034 1102 3078 ut
1118 3040 1183 3081 earn
1206 3022 1237 3089 in
1280 3084 1296 3097 „
1316 3069 1320 3075 t

214 3099 356 3163 conilislu
376 3122 437 3185 prae
451 3104 545 3164 oeulis
564 3100 677 3183 semper
695 3103 827 3177 haberet,
852 3102 973 3186 depingi
995 3102 1127 3167 fenerate
1149 3109 1236 3187 cuius

125 3206 129 3212 ’
213 3189 247 3249 dr
273 3190 374 3270 pedes,
398 3194 536 3272 quotiens
561 3189 676 3271 positus,
697 3191 727 3251 in
749 3189 956 3272 congressionis
978 3192 1102 3254 articulo
1124 3191 1232 3272 suerat,

213 3273 378 3339 deosculari
392 3299 462 3359 eum
475 3279 601 3359 plurima
616 3277 770 3340 devotione
784 3275 985 3341 consueverat.
1012 3282 1120 3361 Hujus
1135 3298 1233 3357 autem

211 3383 335 3445 corpus,
358 3366 538 3447 quod‘quasr
561 3364 747 3427 fantasticum
768 3368 798 3427 in
814 3365 882 3438 stne,
906 3367 1090 3448 &tanquam
1106 3390 1158 3450 per
1175 3367 1232 3451 spis

210 3454 289 3514 ritus
304 3453 343 3514 ad,
358 3453 520 3535 longinqua
536 3453 720 3523 transsatum,
735 3469 830 3533 neque
842 3455 932 3515 morti
947 3454 1111 3515 obnoxium
1126 3452 1234 3520 subulae

211 3536 225 3585 b
247 3539 467 3601 confinxerunt,
513 3544 566 3601 His
582 3538 684 3603 nostris
701 3540 814 3612 diebus,
838 3540 919 3621 apud
935 3538 1132 3617 Glasconiam,
1157 3546 1233 3607 inter

212 3638 225 3670 ⁶
247 3627 358 3707 lapides
368 3628 532 3708 pyramides
544 3630 629 3700 duas,
640 3630 671 3688 in
680 3630 844 3689 coemitetio
856 3625 935 3689 sacro
947 3628 1098 3709 quondam
1111 3629 1231 3707 erettas,

210 3711 391 3794 profundius
407 3716 438 3775 in
454 3731 530 3778 terra
543 3736 655 3796 quercu
670 3735 800 3801 concava
820 3715 1019 3789 reconditum,
1043 3716 1234 3799 &signatum

209 3799 320 3868 mirisd
329 3801 451 3875 inditiis,
476 3801 601 3883 &quast
617 3803 806 3876 miraculofis,
829 3800 871 3863 est
880 3804 1049 3876 inventum,
1067 3806 1095 3865 a
1110 3810 1140 3867 in
1155 3807 1230 3869 ecel:

208 3907 282 3950 cum
297 3889 409 3952 bonore
425 3890 606 3967 translatum,
630 3910 855 3971 marmoreoque
870 3890 1006 3972 decenter
1021 3893 1136 3954 tumulo
1149 3914 1231 3957 com.

209 3976 394 4049 mendatum.
437 3977 528 4053 ,Unde
554 3982 582 4040 dr
597 3999 671 4039 crux
687 3979 825 4058 plumbea
840 3978 939 4057 lapide
956 3991 967 4023 e
985 3976 1144 4059 suppofit0‚
1168 3994 1231 4047 non

207 4058 353 4144 superius,
371 4078 405 4125 ut
419 4062 500 4137 solet,
522 4064 570 4126 sed
585 4066 714 4127 inferiori
730 4068 830 4146 potius
843 4084 881 4124 ex
897 4080 986 4144 parte,
1009 4067 1110 4141 infixa,
1137 4084 1231 4149 quam

206 4170 266 4211 nos
288 4153 553 4233 quoquevidimus
578 4154 719 4234 (namque
743 4152 943 4230 traslavimus)
959 4154 1089 4239 ‘litteras
1107 4154 1160 4216 has
1183 4158 1228 4217 in·

206 4235 349 4321 sculptas,
373 4241 403 4306 δι,
427 4260 487 4301 non
503 4242 663 4303 eminentes
685 4255 737 4300 aut
759 4256 902 4316 extantes,
926 4238 975 4303 sed
998 4243 1092 4325 tnagis
1106 4244 1230 4309 interius

243 4427 258 4458 a
279 4411 305 4459 F.
319 4408 446 4457 monaster:
466 4409 632 4458 Glaseoniense
650 4412 780 4475 egregium,
800 4413 866 4473 cuius
885 4414 933 4462 sac.
983 4412 1051 4461 bria
1063 4412 1238 4479 nstingaeunrin
1272 4436 1273 4441 ¹

206 4476 261 4526 eod.
272 4476 333 4523 MS.
346 4478 458 4523 commate
469 4485 543 4524 tantan
555 4479 625 4536 utitur
636 4477 747 4525 Lelandus
757 4478 780 4524 in
789 4476 913 4541 Affertione
924 4478 1020 4527 Arirtrit'.
1050 4480 1083 4527 Et
1092 4480 1170 4529 resisus
1175 4480 1231 4545 for-

198 4531 272 4607 fisan.
308 4540 343 4591 ui
357 4541 423 4588 etiam
442 4540 605 4588 confinxerant
617 4540 689 4589 habet.
755 4556 766 4587 c
784 4543 851 4607 Deest
866 4542 953 4607 lapides
963 4544 985 4595 itt
997 4541 1119 4613 Affirliotze
1129 4545 1229 4595 Atius?-

201 4608 221 4662 'd
238 4608 284 4664 iic,
350 4621 363 4657 e
379 4608 555 4672 superpositum
567 4606 691 4672 Affirtione
701 4606 797 4659 Artnn'i.

732 4686 799 4752 ΒΖ
1186 4682 1228 4759 nd
