<?xml version="1.0" encoding="UTF-8"?>
<!DOCTYPE html PUBLIC "-//W3C//DTD XHTML 1.0 Transitional//EN"
    "http://www.w3.org/TR/xhtml1/DTD/xhtml1-transitional.dtd">
<html xmlns="http://www.w3.org/1999/xhtml" xml:lang="en" lang="en">
 <head>
  <title>
</title>
<meta http-equiv="Content-Type" content="text/html;charset=utf-8" />
  <meta name='ocr-system' content='tesseract 3.04.00' />
  <meta name='ocr-capabilities' content='ocr_page ocr_carea ocr_par ocr_line ocrx_word'/>
</head>
<body>
  <div class='ocr_page' id='page_1' title='image "./joannislelandia10lelagoog/joannislelandia10lelagoog_0076.png"; bbox 0 0 3392 5300; ppageno 0'>
   <div class='ocr_carea' id='block_1_1' title="bbox 370 438 1349 525">
    <p class='ocr_par' dir='ltr' id='par_1_1' title="bbox 370 438 1349 525">
     <span class='ocr_line' id='line_1_1' title="bbox 370 438 1349 525; baseline -0.003 -15"><span class='ocrx_word' id='word_1_1' title='bbox 370 456 412 525; x_wconf 79' lang='lat'>72</span> <span class='ocrx_word' id='word_1_2' title='bbox 665 438 1349 521; x_wconf 77' lang='lat' dir='ltr'>Joauursuurnunr</span> 
     </span>
    </p>
   </div>
   <div class='ocr_carea' id='block_1_2' title="bbox 306 570 1561 3998">
    <p class='ocr_par' dir='ltr' id='par_1_2' title="bbox 306 570 1561 4011">
     <span class='ocr_line' id='line_1_2' title="bbox 491 570 1516 657; baseline 0.004 -22"><span class='ocrx_word' id='word_1_3' title='bbox 491 572 697 656; x_wconf 84' lang='lat' dir='ltr'>peccaminum</span> <span class='ocrx_word' id='word_1_4' title='bbox 714 574 802 657; x_wconf 81' lang='lat' dir='ltr'>regiae</span> <span class='ocrx_word' id='word_1_5' title='bbox 823 577 932 638; x_wconf 89' lang='lat' dir='ltr'>cervici</span> <span class='ocrx_word' id='word_1_6' title='bbox 948 590 964 620; x_wconf 61' lang='grc' dir='ltr'><em>α</em></span> <span class='ocrx_word' id='word_1_7' title='bbox 977 570 1083 657; x_wconf 89' lang='lat' dir='ltr'>sponte</span> <span class='ocrx_word' id='word_1_8' title='bbox 1105 574 1153 654; x_wconf 90' lang='lat' dir='ltr'>(ut</span> <span class='ocrx_word' id='word_1_9' title='bbox 1177 578 1219 637; x_wconf 84' lang='lat' dir='ltr'>ita</span> <span class='ocrx_word' id='word_1_10' title='bbox 1240 571 1349 656; x_wconf 83' lang='lat' dir='ltr'>dicam)</span> <span class='ocrx_word' id='word_1_11' title='bbox 1373 574 1516 639; x_wconf 73' lang='lat' dir='ltr'>includa-</span> 
     </span>
     <span class='ocr_line' id='line_1_3' title="bbox 490 658 1518 746; baseline 0.003 -22"><span class='ocrx_word' id='word_1_12' title='bbox 490 661 566 725; x_wconf 88' lang='lat' dir='ltr'>biles</span> <span class='ocrx_word' id='word_1_13' title='bbox 582 658 727 723; x_wconf 87' lang='lat' dir='ltr'>celsorum</span> <span class='ocrx_word' id='word_1_14' title='bbox 747 682 802 724; x_wconf 90' lang='lat' dir='ltr'>ceu</span> <span class='ocrx_word' id='word_1_15' title='bbox 824 665 976 725; x_wconf 88' lang='lat' dir='ltr'>montium</span> <span class='ocrx_word' id='word_1_16' title='bbox 999 660 1122 725; x_wconf 76' lang='lat' dir='ltr'>innediis</span> <span class='ocrx_word' id='word_1_17' title='bbox 1143 664 1261 727; x_wconf 82' lang='lat' dir='ltr'>moles?</span> <span class='ocrx_word' id='word_1_18' title='bbox 1293 662 1378 746; x_wconf 76' lang='lat' dir='ltr'>Quid</span> <span class='ocrx_word' id='word_1_19' title='bbox 1400 680 1432 726; x_wconf 91' lang='lat' dir='ltr'>te</span> <span class='ocrx_word' id='word_1_20' title='bbox 1457 686 1518 727; x_wconf 91' lang='lat' dir='ltr'>non</span> 
     </span>
     <span class='ocr_line' id='line_1_4' title="bbox 490 749 1516 833; baseline 0.002 -22"><span class='ocrx_word' id='word_1_21' title='bbox 490 751 518 811; x_wconf 92' lang='lat' dir='ltr'>ei</span> <span class='ocrx_word' id='word_1_22' title='bbox 538 768 643 833; x_wconf 86' lang='lat' dir='ltr'>regum</span> <span class='ocrx_word' id='word_1_23' title='bbox 658 751 793 811; x_wconf 91' lang='lat' dir='ltr'>omnium</span> <span class='ocrx_word' id='word_1_24' title='bbox 809 752 871 833; x_wconf 87' lang='lat' dir='ltr'>regi</span> <span class='ocrx_word' id='word_1_25' title='bbox 897 749 926 829; x_wconf 77' lang='lat' dir='ltr'>(ri</span> <span class='ocrx_word' id='word_1_26' title='bbox 946 770 1010 831; x_wconf 91' lang='lat' dir='ltr'>quo</span> <span class='ocrx_word' id='word_1_27' title='bbox 1026 750 1142 811; x_wconf 77' lang='lat' dir='ltr'>curuis</span> <span class='ocrx_word' id='word_1_28' title='bbox 1158 772 1233 832; x_wconf 86' lang='lat' dir='ltr'>pene</span> <span class='ocrx_word' id='word_1_29' title='bbox 1255 752 1419 813; x_wconf 84' lang='lat' dir='ltr'>Britanniae</span> <span class='ocrx_word' id='word_1_30' title='bbox 1433 750 1516 813; x_wconf 93' lang='lat' dir='ltr'>duci·</span> 
     </span>
     <span class='ocr_line' id='line_1_5' title="bbox 491 835 1515 920; baseline -0.001 -20"><span class='ocrx_word' id='word_1_31' title='bbox 491 838 549 900; x_wconf 91' lang='lat' dir='ltr'>bus</span> <span class='ocrx_word' id='word_1_32' title='bbox 574 851 635 897; x_wconf 84' lang='lat' dir='ltr'>tam</span> <span class='ocrx_word' id='word_1_33' title='bbox 658 856 754 920; x_wconf 87' lang='lat' dir='ltr'>regno</span> <span class='ocrx_word' id='word_1_34' title='bbox 775 835 874 899; x_wconf 71' lang='lat' dir='ltr'>ladius</span> <span class='ocrx_word' id='word_1_35' title='bbox 895 858 938 912; x_wconf 86' lang='lat' dir='ltr'>es,</span> <span class='ocrx_word' id='word_1_36' title='bbox 962 858 1053 919; x_wconf 86' lang='lat' dir='ltr'>quam</span> <span class='ocrx_word' id='word_1_37' title='bbox 1075 836 1167 899; x_wconf 84' lang='lat' dir='ltr'>slatus</span> <span class='ocrx_word' id='word_1_38' title='bbox 1189 840 1373 913; x_wconf 89' lang='lat' dir='ltr'>liniamento,</span> <span class='ocrx_word' id='word_1_39' title='bbox 1395 838 1515 919; x_wconf 83' lang='lat' dir='ltr'>editior)</span> 
     </span>
     <span class='ocr_line' id='line_1_6' title="bbox 332 918 1516 1008; baseline 0.002 -21"><span class='ocrx_word' id='word_1_40' title='bbox 332 918 339 927; x_wconf 82' lang='grc'><strong>’</strong></span> <span class='ocrx_word' id='word_1_41' title='bbox 385 996 389 1005; x_wconf 89' lang='lat'><em>.</em></span> <span class='ocrx_word' id='word_1_42' title='bbox 436 976 447 1008; x_wconf 69' lang='lat'>·,</span> <span class='ocrx_word' id='word_1_43' title='bbox 491 922 648 988; x_wconf 71' lang='lat' dir='ltr'>lexhibes</span> <span class='ocrx_word' id='word_1_44' title='bbox 670 926 774 989; x_wconf 84' lang='lat' dir='ltr'>ceteris</span> <span class='ocrx_word' id='word_1_45' title='bbox 803 926 941 990; x_wconf 82' lang='lat' dir='ltr'>moribus</span> <span class='ocrx_word' id='word_1_46' title='bbox 963 925 1126 999; x_wconf 88' lang='lat' dir='ltr'>meliorem,</span> <span class='ocrx_word' id='word_1_47' title='bbox 1160 922 1210 989; x_wconf 89' lang='lat' dir='ltr'>sed</span> <span class='ocrx_word' id='word_1_48' title='bbox 1236 922 1316 989; x_wconf 86' lang='lat' dir='ltr'>versa</span> <span class='ocrx_word' id='word_1_49' title='bbox 1343 926 1408 987; x_wconf 89' lang='lat' dir='ltr'>vice</span> <span class='ocrx_word' id='word_1_50' title='bbox 1437 926 1516 989; x_wconf 88' lang='lat' dir='ltr'>dete·</span> 
     </span>
     <span class='ocr_line' id='line_1_7' title="bbox 492 1032 1561 1075; baseline 0 -1"><span class='ocrx_word' id='word_1_51' title='bbox 492 1032 614 1075; x_wconf 87' lang='lat' dir='ltr'>norem.</span> <span class='ocrx_word' id='word_1_52' title='bbox 1203 1043 1207 1050; x_wconf 77' lang='lat'>,</span> <span class='ocrx_word' id='word_1_53' title='bbox 1560 1061 1561 1074; x_wconf 67' lang='grc'>,</span> 
     </span>
     <span class='ocr_line' id='line_1_8' title="bbox 327 1096 1561 1182; baseline -0.003 -15"><span class='ocrx_word' id='word_1_54' title='bbox 327 1110 464 1179; x_wconf 51' lang='lat' dir='ltr'>Maglona-¹</span> <span class='ocrx_word' id='word_1_55' title='bbox 536 1103 645 1163; x_wconf 88' lang='lat' dir='ltr'>Nonne</span> <span class='ocrx_word' id='word_1_56' title='bbox 667 1101 697 1163; x_wconf 93' lang='lat' dir='ltr'>in</span> <span class='ocrx_word' id='word_1_57' title='bbox 726 1100 828 1182; x_wconf 84' lang='lat' dir='ltr'>primis</span> <span class='ocrx_word' id='word_1_58' title='bbox 851 1096 1048 1163; x_wconf 77' lang='lat' dir='ltr'>adolescentia</span> <span class='ocrx_word' id='word_1_59' title='bbox 1075 1115 1134 1161; x_wconf 84' lang='lat' dir='ltr'>tuae</span> <span class='ocrx_word' id='word_1_60' title='bbox 1158 1102 1241 1178; x_wconf 75' lang='lat' dir='ltr'>annis</span> <span class='ocrx_word' id='word_1_61' title='bbox 1265 1099 1449 1163; x_wconf 87' lang='lat' dir='ltr'>avunculum</span> <span class='ocrx_word' id='word_1_62' title='bbox 1476 1121 1518 1163; x_wconf 91' lang='lat' dir='ltr'>re-</span> <span class='ocrx_word' id='word_1_63' title='bbox 1560 1097 1561 1110; x_wconf 55' lang='lat'>¹</span> 
     </span>
     <span class='ocr_line' id='line_1_9' title="bbox 327 1185 1561 1292; baseline 0.002 -43"><span class='ocrx_word' id='word_1_64' title='bbox 327 1196 375 1230; x_wconf 77' lang='lat'>¹²¹²⁵</span> <span class='ocrx_word' id='word_1_65' title='bbox 392 1192 467 1292; x_wconf 69' lang='lat' dir='ltr'>avpn-</span> <span class='ocrx_word' id='word_1_66' title='bbox 488 1208 572 1272; x_wconf 83' lang='lat' dir='ltr'>gem,</span> <span class='ocrx_word' id='word_1_67' title='bbox 597 1208 666 1253; x_wconf 87' lang='lat' dir='ltr'>curn</span> <span class='ocrx_word' id='word_1_68' title='bbox 679 1185 839 1250; x_wconf 78' lang='lat' dir='ltr'>fortissimis</span> <span class='ocrx_word' id='word_1_69' title='bbox 856 1188 1072 1271; x_wconf 85' lang='lat' dir='ltr'>propemodum</span> <span class='ocrx_word' id='word_1_70' title='bbox 1088 1186 1234 1264; x_wconf 78' lang='lat' dir='ltr'>militibus</span> <span class='ocrx_word' id='word_1_71' title='bbox 1259 1189 1403 1271; x_wconf 80' lang='lat' dir='ltr'>(quorum</span> <span class='ocrx_word' id='word_1_72' title='bbox 1417 1188 1518 1251; x_wconf 79' lang='lat' dir='ltr'>vultus</span> <span class='ocrx_word' id='word_1_73' title='bbox 1560 1187 1561 1190; x_wconf 63' lang='grc'>’</span> 
     </span>
     <span class='ocr_line' id='line_1_10' title="bbox 326 1244 1517 1379; baseline 0.001 -41"><span class='ocrx_word' id='word_1_74' title='bbox 326 1244 483 1379; x_wconf 51' lang='grc' dir='ltr'>ῧιρᾚω</span> <span class='ocrx_word' id='word_1_75' title='bbox 491 1294 554 1338; x_wconf 89' lang='lat' dir='ltr'>non</span> <span class='ocrx_word' id='word_1_76' title='bbox 572 1277 740 1338; x_wconf 87' lang='lat' dir='ltr'>catulorum</span> <span class='ocrx_word' id='word_1_77' title='bbox 761 1275 854 1337; x_wconf 88' lang='lat' dir='ltr'>leonis</span> <span class='ocrx_word' id='word_1_78' title='bbox 868 1277 898 1337; x_wconf 92' lang='lat' dir='ltr'>in</span> <span class='ocrx_word' id='word_1_79' title='bbox 918 1276 981 1339; x_wconf 88' lang='lat' dir='ltr'>acie</span> <span class='ocrx_word' id='word_1_80' title='bbox 995 1273 1173 1357; x_wconf 83' lang='lat' dir='ltr'>magnopdre</span> <span class='ocrx_word' id='word_1_81' title='bbox 1192 1272 1321 1359; x_wconf 80' lang='lat' dir='ltr'>dispares</span> <span class='ocrx_word' id='word_1_82' title='bbox 1334 1274 1517 1358; x_wconf 85' lang='lat' dir='ltr'>visebantur)</span> 
     </span>
     <span class='ocr_line' id='line_1_11' title="bbox 487 1361 1561 1447; baseline -0.002 -20"><span class='ocrx_word' id='word_1_83' title='bbox 487 1361 723 1437; x_wconf 74' lang='lat' dir='ltr'>acerrimeense,</span> <span class='ocrx_word' id='word_1_84' title='bbox 748 1362 839 1438; x_wconf 86' lang='lat' dir='ltr'>hasta,</span> <span class='ocrx_word' id='word_1_85' title='bbox 858 1366 928 1447; x_wconf 91' lang='lat' dir='ltr'>igne</span> <span class='ocrx_word' id='word_1_86' title='bbox 941 1362 1126 1447; x_wconf 81' lang='lat' dir='ltr'>oppreffilli?</span> <span class='ocrx_word' id='word_1_87' title='bbox 1560 1365 1561 1436; x_wconf 72' lang='grc' dir='ltr'>Ϊ</span> 
     </span>
     <span class='ocr_line' id='line_1_12' title="bbox 536 1446 1561 1536; baseline 0 -23"><span class='ocrx_word' id='word_1_88' title='bbox 536 1455 646 1513; x_wconf 88' lang='lat' dir='ltr'>Nonne</span> <span class='ocrx_word' id='word_1_89' title='bbox 662 1449 818 1533; x_wconf 89' lang='lat' dir='ltr'>postquam</span> <span class='ocrx_word' id='word_1_90' title='bbox 835 1452 890 1512; x_wconf 88' lang='lat' dir='ltr'>tibi</span> <span class='ocrx_word' id='word_1_91' title='bbox 913 1472 952 1513; x_wconf 89' lang='lat' dir='ltr'>ex</span> <span class='ocrx_word' id='word_1_92' title='bbox 966 1467 1038 1514; x_wconf 89' lang='lat' dir='ltr'>voto</span> <span class='ocrx_word' id='word_1_93' title='bbox 1052 1451 1172 1513; x_wconf 90' lang='lat' dir='ltr'>violenti</span> <span class='ocrx_word' id='word_1_94' title='bbox 1193 1446 1415 1536; x_wconf 62' lang='lat' dir='ltr'>regnisautasia</span> <span class='ocrx_word' id='word_1_95' title='bbox 1429 1452 1517 1528; x_wconf 76' lang='lat' dir='ltr'>cessit,</span> <span class='ocrx_word' id='word_1_96' title='bbox 1560 1457 1561 1534; x_wconf 54' lang='grc' dir='ltr'><strong>ᾗ</strong></span> 
     </span>
     <span class='ocr_line' id='line_1_13' title="bbox 326 1537 1561 1621; baseline -0.002 -18"><span class='ocrx_word' id='word_1_97' title='bbox 326 1550 331 1559; x_wconf 86' lang='grc'>’</span> <span class='ocrx_word' id='word_1_98' title='bbox 353 1550 357 1557; x_wconf 90' lang='grc'><strong>“</strong></span> <span class='ocrx_word' id='word_1_99' title='bbox 376 1564 381 1569; x_wconf 94' lang='grc'><strong><em>·</em></strong></span> <span class='ocrx_word' id='word_1_100' title='bbox 471 1560 473 1567; x_wconf 77' lang='grc'><em>’</em></span> <span class='ocrx_word' id='word_1_101' title='bbox 494 1540 657 1621; x_wconf 87' lang='lat' dir='ltr'>cupiditate</span> <span class='ocrx_word' id='word_1_102' title='bbox 671 1537 784 1601; x_wconf 75' lang='lat' dir='ltr'>invedia</span> <span class='ocrx_word' id='word_1_103' title='bbox 798 1538 835 1599; x_wconf 89' lang='lat' dir='ltr'>ad</span> <span class='ocrx_word' id='word_1_104' title='bbox 850 1540 928 1600; x_wconf 88' lang='lat' dir='ltr'>viam</span> <span class='ocrx_word' id='word_1_105' title='bbox 943 1539 1108 1602; x_wconf 79' lang='lat' dir='ltr'>revertendi</span> <span class='ocrx_word' id='word_1_106' title='bbox 1119 1538 1240 1612; x_wconf 72' lang='lat' dir='ltr'>restam,</span> <span class='ocrx_word' id='word_1_107' title='bbox 1256 1539 1363 1601; x_wconf 88' lang='lat' dir='ltr'>diebus</span> <span class='ocrx_word' id='word_1_108' title='bbox 1373 1558 1407 1601; x_wconf 86' lang='lat' dir='ltr'>ac</span> <span class='ocrx_word' id='word_1_109' title='bbox 1423 1542 1517 1602; x_wconf 79' lang='lat' dir='ltr'>nocn-</span> <span class='ocrx_word' id='word_1_110' title='bbox 1560 1539 1561 1600; x_wconf 69' lang='lat' dir='ltr'>l</span> 
     </span>
     <span class='ocr_line' id='line_1_14' title="bbox 306 1618 1516 1710; baseline -0.004 -16"><span class='ocrx_word' id='word_1_111' title='bbox 306 1618 458 1694; x_wconf 64' lang='lat' dir='ltr'>maglocu-</span> <span class='ocrx_word' id='word_1_112' title='bbox 494 1628 553 1689; x_wconf 89' lang='lat' dir='ltr'>bus</span> <span class='ocrx_word' id='word_1_113' title='bbox 576 1627 608 1688; x_wconf 91' lang='lat' dir='ltr'>id</span> <span class='ocrx_word' id='word_1_114' title='bbox 623 1626 764 1709; x_wconf 84' lang='lat' dir='ltr'>temporis</span> <span class='ocrx_word' id='word_1_115' title='bbox 789 1623 976 1705; x_wconf 87' lang='lat' dir='ltr'>(conscientia</span> <span class='ocrx_word' id='word_1_116' title='bbox 998 1622 1077 1688; x_wconf 82' lang='lat' dir='ltr'>forre</span> <span class='ocrx_word' id='word_1_117' title='bbox 1097 1627 1301 1710; x_wconf 78' lang='lat' dir='ltr'>peccaminum</span> <span class='ocrx_word' id='word_1_118' title='bbox 1317 1628 1516 1709; x_wconf 84' lang='lat' dir='ltr'>remordente)</span> 
     </span>
     <span class='ocr_line' id='line_1_15' title="bbox 329 1692 1518 1809; baseline -0.001 -32"><span class='ocrx_word' id='word_1_119' title='bbox 329 1692 483 1809; x_wconf 54' lang='lat' dir='ltr'>ffitsmg</span> <span class='ocrx_word' id='word_1_120' title='bbox 496 1716 535 1777; x_wconf 90' lang='lat' dir='ltr'>de</span> <span class='ocrx_word' id='word_1_121' title='bbox 558 1712 666 1777; x_wconf 87' lang='lat' dir='ltr'>deifico</span> <span class='ocrx_word' id='word_1_122' title='bbox 687 1729 790 1793; x_wconf 78' lang='lat' dir='ltr'>tenore</span> <span class='ocrx_word' id='word_1_123' title='bbox 812 1714 1088 1797; x_wconf 80' lang='lat' dir='ltr'>monachorumque</span> <span class='ocrx_word' id='word_1_124' title='bbox 1108 1706 1244 1797; x_wconf 69' lang='lat' dir='ltr'>decretis,</span> <span class='ocrx_word' id='word_1_125' title='bbox 1267 1710 1435 1778; x_wconf 88' lang='lat' dir='ltr'>subdente</span> <span class='ocrx_word' id='word_1_126' title='bbox 1461 1715 1518 1797; x_wconf 90' lang='lat' dir='ltr'>pri·</span> 
     </span>
     <span class='ocr_line' id='line_1_16' title="bbox 328 1792 1516 1891; baseline -0.008 -18"><span class='ocrx_word' id='word_1_127' title='bbox 328 1794 446 1891; x_wconf 82' lang='lat' dir='ltr'>quantur&#39;n</span> <span class='ocrx_word' id='word_1_128' title='bbox 474 1792 578 1865; x_wconf 85' lang='lat' dir='ltr'>’mum</span> <span class='ocrx_word' id='word_1_129' title='bbox 595 1802 688 1865; x_wconf 88' lang='lat' dir='ltr'>multa</span> <span class='ocrx_word' id='word_1_130' title='bbox 703 1801 864 1876; x_wconf 86' lang='lat' dir='ltr'>ruminans,</span> <span class='ocrx_word' id='word_1_131' title='bbox 889 1802 957 1864; x_wconf 92' lang='lat' dir='ltr'>dein</span> <span class='ocrx_word' id='word_1_132' title='bbox 973 1803 1125 1884; x_wconf 85' lang='lat' dir='ltr'>popularis</span> <span class='ocrx_word' id='word_1_133' title='bbox 1148 1820 1227 1862; x_wconf 84' lang='lat' dir='ltr'>aurae</span> <span class='ocrx_word' id='word_1_134' title='bbox 1242 1803 1407 1883; x_wconf 71' lang='lat' dir='ltr'>&#39;cognitioni</span> <span class='ocrx_word' id='word_1_135' title='bbox 1423 1800 1516 1885; x_wconf 86' lang='lat' dir='ltr'>prose·</span> 
     </span>
     <span class='ocr_line' id='line_1_17' title="bbox 328 1887 1516 1973; baseline 0.002 -20"><span class='ocrx_word' id='word_1_136' title='bbox 328 1890 465 1953; x_wconf 62' lang='lat' dir='ltr'>⁶0¹¹l0stura</span> <span class='ocrx_word' id='word_1_137' title='bbox 495 1890 575 1963; x_wconf 65' lang='lat' dir='ltr'>rens,</span> <span class='ocrx_word' id='word_1_138' title='bbox 597 1890 787 1963; x_wconf 74' lang='lat' dir='ltr'>monachum,</span> <span class='ocrx_word' id='word_1_139' title='bbox 807 1888 871 1952; x_wconf 86' lang='lat' dir='ltr'>line</span> <span class='ocrx_word' id='word_1_140' title='bbox 889 1890 954 1953; x_wconf 94' lang='lat' dir='ltr'>ullo</span> <span class='ocrx_word' id='word_1_141' title='bbox 968 1889 1149 1953; x_wconf 85' lang='lat' dir='ltr'>infidelitatis</span> <span class='ocrx_word' id='word_1_142' title='bbox 1173 1890 1221 1969; x_wconf 88' lang='lat' dir='ltr'>(ur</span> <span class='ocrx_word' id='word_1_143' title='bbox 1238 1890 1349 1971; x_wconf 82' lang='lat' dir='ltr'>aiebas)</span> <span class='ocrx_word' id='word_1_144' title='bbox 1372 1887 1516 1973; x_wconf 77' lang='lat' dir='ltr'>respedlu,</span> 
     </span>
     <span class='ocr_line' id='line_1_18' title="bbox 326 1954 1561 2075; baseline -0.001 -35"><span class='ocrx_word' id='word_1_145' title='bbox 326 1954 479 2075; x_wconf 50' lang='lat' dir='ltr'>ffi‘r’ssgfis</span> <span class='ocrx_word' id='word_1_146' title='bbox 495 1993 642 2063; x_wconf 89' lang='lat' dir='ltr'>perpetuo</span> <span class='ocrx_word' id='word_1_147' title='bbox 655 1976 784 2039; x_wconf 81' lang='lat' dir='ltr'>vovisti?</span> <span class='ocrx_word' id='word_1_148' title='bbox 1560 2043 1561 2050; x_wconf 37' lang='lat'>,</span> 
     </span>
     <span class='ocr_line' id='line_1_19' title="bbox 481 2052 1517 2151; baseline -0.001 -22"><span class='ocrx_word' id='word_1_149' title='bbox 481 2052 495 2127; x_wconf 60' lang='lat'>⁵.</span> <span class='ocrx_word' id='word_1_150' title='bbox 541 2068 569 2129; x_wconf 93' lang='grc' dir='ltr'>Ο</span> <span class='ocrx_word' id='word_1_151' title='bbox 585 2078 697 2149; x_wconf 89' lang='lat' dir='ltr'>quanta</span> <span class='ocrx_word' id='word_1_152' title='bbox 710 2062 836 2127; x_wconf 83' lang='lat' dir='ltr'>ecclesrae</span> <span class='ocrx_word' id='word_1_153' title='bbox 850 2067 937 2127; x_wconf 90' lang='lat' dir='ltr'>matri</span> <span class='ocrx_word' id='word_1_154' title='bbox 950 2065 1058 2129; x_wconf 78' lang='lat' dir='ltr'>laeticia</span> <span class='ocrx_word' id='word_1_155' title='bbox 1081 2064 1116 2146; x_wconf 87' lang='lat' dir='ltr'>(si</span> <span class='ocrx_word' id='word_1_156' title='bbox 1131 2087 1191 2151; x_wconf 84' lang='lat' dir='ltr'>non</span> <span class='ocrx_word' id='word_1_157' title='bbox 1208 2081 1236 2127; x_wconf 89' lang='lat' dir='ltr'>te</span> <span class='ocrx_word' id='word_1_158' title='bbox 1249 2064 1428 2128; x_wconf 78' lang='lat' dir='ltr'>cundiornm</span> <span class='ocrx_word' id='word_1_159' title='bbox 1443 2086 1517 2128; x_wconf 88' lang='lat' dir='ltr'>mor·</span> 
     </span>
     <span class='ocr_line' id='line_1_20' title="bbox 332 2138 1561 2244; baseline 0.003 -33"><span class='ocrx_word' id='word_1_160' title='bbox 332 2142 459 2211; x_wconf 65' lang='lat' dir='ltr'>M2810ffl·</span> <span class='ocrx_word' id='word_1_161' title='bbox 498 2152 602 2217; x_wconf 87' lang='lat' dir='ltr'>talium</span> <span class='ocrx_word' id='word_1_162' title='bbox 619 2150 711 2220; x_wconf 78' lang='lat' dir='ltr'>hostis</span> <span class='ocrx_word' id='word_1_163' title='bbox 724 2152 762 2214; x_wconf 92' lang='lat' dir='ltr'>de</span> <span class='ocrx_word' id='word_1_164' title='bbox 777 2150 840 2215; x_wconf 90' lang='lat' dir='ltr'>srnu</span> <span class='ocrx_word' id='word_1_165' title='bbox 856 2153 1081 2237; x_wconf 88' lang='lat' dir='ltr'>quodammodo</span> <span class='ocrx_word' id='word_1_166' title='bbox 1094 2154 1158 2236; x_wconf 73' lang='lat' dir='ltr'>ejus</span> <span class='ocrx_word' id='word_1_167' title='bbox 1175 2138 1345 2236; x_wconf 67' lang='lat' dir='ltr'>lugubriter</span> <span class='ocrx_word' id='word_1_168' title='bbox 1367 2150 1518 2216; x_wconf 87' lang='lat' dir='ltr'>abstraxis·</span> <span class='ocrx_word' id='word_1_169' title='bbox 1560 2161 1561 2244; x_wconf 84' lang='lat'>)</span> 
     </span>
     <span class='ocr_line' id='line_1_21' title="bbox 330 2226 1561 2328; baseline -0.002 -23"><span class='ocrx_word' id='word_1_170' title='bbox 330 2226 415 2328; x_wconf 48' lang='lat' dir='ltr'><strong>31¹ssss</strong></span> <span class='ocrx_word' id='word_1_171' title='bbox 411 2226 485 2324; x_wconf 46' lang='grc' dir='ltr'>ἐξα</span> <span class='ocrx_word' id='word_1_172' title='bbox 495 2239 551 2324; x_wconf 90' lang='lat' dir='ltr'>set)</span> <span class='ocrx_word' id='word_1_173' title='bbox 573 2240 674 2305; x_wconf 74' lang='lat' dir='ltr'>soret?</span> <span class='ocrx_word' id='word_1_174' title='bbox 698 2242 745 2303; x_wconf 85' lang='lat' dir='ltr'>Ne</span> <span class='ocrx_word' id='word_1_175' title='bbox 760 2240 866 2317; x_wconf 90' lang='lat' dir='ltr'>multa,</span> <span class='ocrx_word' id='word_1_176' title='bbox 890 2256 1008 2304; x_wconf 87' lang='lat' dir='ltr'>tantum</span> <span class='ocrx_word' id='word_1_177' title='bbox 1024 2242 1128 2324; x_wconf 87' lang='lat' dir='ltr'>gaudii</span> <span class='ocrx_word' id='word_1_178' title='bbox 1139 2260 1174 2302; x_wconf 89' lang='lat' dir='ltr'>ac</span> <span class='ocrx_word' id='word_1_179' title='bbox 1184 2255 1196 2287; x_wconf 74' lang='lat'><em>⁶</em></span> <span class='ocrx_word' id='word_1_180' title='bbox 1206 2241 1357 2303; x_wconf 83' lang='lat' dir='ltr'>suavitatis</span> <span class='ocrx_word' id='word_1_181' title='bbox 1373 2259 1434 2303; x_wconf 85' lang='lat' dir='ltr'>ram</span> <span class='ocrx_word' id='word_1_182' title='bbox 1446 2242 1518 2304; x_wconf 90' lang='lat' dir='ltr'>coelo</span> <span class='ocrx_word' id='word_1_183' title='bbox 1560 2249 1561 2294; x_wconf 78' lang='lat' dir='ltr'>l</span> 
     </span>
     <span class='ocr_line' id='line_1_22' title="bbox 327 2326 1561 2411; baseline -0.002 -20"><span class='ocrx_word' id='word_1_184' title='bbox 327 2326 466 2392; x_wconf 76' lang='lat' dir='ltr'>··Proveru.&#39;</span> <span class='ocrx_word' id='word_1_185' title='bbox 498 2345 643 2411; x_wconf 78' lang='lat' dir='ltr'>terraeque</span> <span class='ocrx_word' id='word_1_186' title='bbox 669 2343 720 2391; x_wconf 88' lang='lat' dir='ltr'>tua</span> <span class='ocrx_word' id='word_1_187' title='bbox 742 2328 780 2389; x_wconf 84' lang='lat' dir='ltr'>ad</span> <span class='ocrx_word' id='word_1_188' title='bbox 804 2329 915 2393; x_wconf 89' lang='lat' dir='ltr'>bonam</span> <span class='ocrx_word' id='word_1_189' title='bbox 936 2326 1055 2411; x_wconf 86' lang='lat' dir='ltr'>frugem</span> <span class='ocrx_word' id='word_1_190' title='bbox 1080 2327 1242 2404; x_wconf 83' lang='lat' dir='ltr'>conversio,</span> <span class='ocrx_word' id='word_1_191' title='bbox 1271 2345 1420 2411; x_wconf 86' lang='lat' dir='ltr'>quantum</span> <span class='ocrx_word' id='word_1_192' title='bbox 1443 2349 1517 2391; x_wconf 89' lang='lat' dir='ltr'>nunc</span> <span class='ocrx_word' id='word_1_193' title='bbox 1560 2353 1561 2410; x_wconf 76' lang='lat' dir='ltr'>j</span> 
     </span>
     <span class='ocr_line' id='line_1_23' title="bbox 331 2404 1561 2493; baseline -0.005 -8"><span class='ocrx_word' id='word_1_194' title='bbox 331 2404 462 2485; x_wconf 41' lang='lat' dir='ltr'>canipae*</span> <span class='ocrx_word' id='word_1_195' title='bbox 498 2420 632 2481; x_wconf 85' lang='lat' dir='ltr'>moeroris</span> <span class='ocrx_word' id='word_1_196' title='bbox 656 2436 691 2478; x_wconf 93' lang='lat' dir='ltr'>ac</span> <span class='ocrx_word' id='word_1_197' title='bbox 713 2415 814 2477; x_wconf 79' lang='lat' dir='ltr'>ludius</span> <span class='ocrx_word' id='word_1_198' title='bbox 834 2414 1008 2479; x_wconf 85' lang='lat' dir='ltr'>ministravit</span> <span class='ocrx_word' id='word_1_199' title='bbox 1033 2417 1072 2478; x_wconf 91' lang='lat' dir='ltr'>ad</span> <span class='ocrx_word' id='word_1_200' title='bbox 1094 2416 1277 2493; x_wconf 81' lang='lat' dir='ltr'>horribilem,</span> <span class='ocrx_word' id='word_1_201' title='bbox 1300 2436 1384 2478; x_wconf 89' lang='lat' dir='ltr'>more</span> <span class='ocrx_word' id='word_1_202' title='bbox 1406 2415 1517 2481; x_wconf 84' lang='lat' dir='ltr'>moloffi</span> <span class='ocrx_word' id='word_1_203' title='bbox 1560 2419 1561 2426; x_wconf 74' lang='grc'>’</span> 
     </span>
     <span class='ocr_line' id='line_1_24' title="bbox 330 2483 1561 2591; baseline 0.001 -22"><span class='ocrx_word' id='word_1_204' title='bbox 330 2483 462 2545; x_wconf 64' lang='lat' dir='ltr'>vqmunm.</span> <span class='ocrx_word' id='word_1_205' title='bbox 495 2508 579 2591; x_wconf 81' lang='lat' dir='ltr'>aegri,</span> <span class='ocrx_word' id='word_1_206' title='bbox 601 2504 745 2569; x_wconf 87' lang='lat' dir='ltr'>vomitum</span> <span class='ocrx_word' id='word_1_207' title='bbox 764 2500 892 2567; x_wconf 82' lang='lat' dir='ltr'>nefanda</span> <span class='ocrx_word' id='word_1_208' title='bbox 906 2502 1043 2565; x_wconf 77' lang='lat' dir='ltr'>reversio.</span> <span class='ocrx_word' id='word_1_209' title='bbox 1560 2499 1561 2570; x_wconf 65' lang='lat' dir='ltr'>J</span> 
     </span>
     <span class='ocr_line' id='line_1_25' title="bbox 332 2586 1561 2681; baseline -0.005 -24"><span class='ocrx_word' id='word_1_210' title='bbox 332 2586 479 2657; x_wconf 73' lang='lat' dir='ltr'>Repudium.</span> <span class='ocrx_word' id='word_1_211' title='bbox 541 2598 730 2677; x_wconf 80' lang='lat' dir='ltr'>spernuntur</span> <span class='ocrx_word' id='word_1_212' title='bbox 763 2610 894 2681; x_wconf 81' lang='lat' dir='ltr'>namque</span> <span class='ocrx_word' id='word_1_213' title='bbox 923 2594 1026 2675; x_wconf 77' lang='lat' dir='ltr'>prima</span> <span class='ocrx_word' id='word_1_214' title='bbox 1057 2589 1136 2674; x_wconf 86' lang='lat' dir='ltr'>(post</span> <span class='ocrx_word' id='word_1_215' title='bbox 1165 2590 1302 2655; x_wconf 89' lang='lat' dir='ltr'>monachi</span> <span class='ocrx_word' id='word_1_216' title='bbox 1327 2605 1433 2655; x_wconf 92' lang='lat' dir='ltr'>votum</span> <span class='ocrx_word' id='word_1_217' title='bbox 1457 2592 1516 2657; x_wconf 87' lang='lat' dir='ltr'>irri-</span> <span class='ocrx_word' id='word_1_218' title='bbox 1560 2591 1561 2651; x_wconf 77' lang='grc' dir='ltr'>ἶ</span> 
     </span>
     <span class='ocr_line' id='line_1_26' title="bbox 498 2677 1517 2765; baseline -0.002 -21"><span class='ocrx_word' id='word_1_219' title='bbox 498 2679 580 2762; x_wconf 89' lang='lat' dir='ltr'>tum)</span> <span class='ocrx_word' id='word_1_220' title='bbox 604 2678 712 2743; x_wconf 69' lang='lat' dir='ltr'>illicite</span> <span class='ocrx_word' id='word_1_221' title='bbox 735 2677 848 2762; x_wconf 55' lang='lat' dir='ltr'>licens</span> <span class='ocrx_word' id='word_1_222' title='bbox 870 2681 989 2743; x_wconf 86' lang='lat' dir='ltr'>tamen“</span> <span class='ocrx_word' id='word_1_223' title='bbox 1011 2682 1139 2765; x_wconf 79' lang='lat' dir='ltr'>propriae</span> <span class='ocrx_word' id='word_1_224' title='bbox 1160 2682 1301 2764; x_wconf 74' lang='lat' dir='ltr'>conjugio</span> <span class='ocrx_word' id='word_1_225' title='bbox 1310 2677 1517 2764; x_wconf 75' lang='lat' dir='ltr'>praesumptiva</span> 
     </span>
     <span class='ocr_line' id='line_1_27' title="bbox 498 2762 1561 2853; baseline -0.002 -21"><span class='ocrx_word' id='word_1_226' title='bbox 498 2768 622 2853; x_wconf 84' lang='lat' dir='ltr'>nuptiae,</span> <span class='ocrx_word' id='word_1_227' title='bbox 645 2767 704 2830; x_wconf 88' lang='lat' dir='ltr'>alia</span> <span class='ocrx_word' id='word_1_228' title='bbox 726 2767 783 2828; x_wconf 88' lang='lat' dir='ltr'>viri</span> <span class='ocrx_word' id='word_1_229' title='bbox 804 2766 938 2841; x_wconf 82' lang='lat' dir='ltr'>viventia,</span> <span class='ocrx_word' id='word_1_230' title='bbox 962 2787 1023 2832; x_wconf 91' lang='lat' dir='ltr'>non</span> <span class='ocrx_word' id='word_1_231' title='bbox 1045 2766 1243 2842; x_wconf 78' lang='lat' dir='ltr'>externi,.sed</span> <span class='ocrx_word' id='word_1_232' title='bbox 1265 2765 1364 2852; x_wconf 69' lang='lat' dir='ltr'>fratris</span> <span class='ocrx_word' id='word_1_233' title='bbox 1383 2767 1449 2843; x_wconf 86' lang='lat' dir='ltr'>filii,</span> <span class='ocrx_word' id='word_1_234' title='bbox 1472 2769 1518 2830; x_wconf 90' lang='lat' dir='ltr'>ad·</span> <span class='ocrx_word' id='word_1_235' title='bbox 1560 2762 1561 2817; x_wconf 68' lang='lat' dir='ltr'>l</span> 
     </span>
     <span class='ocr_line' id='line_1_28' title="bbox 497 2840 1561 2938; baseline -0.001 -20"><span class='ocrx_word' id='word_1_236' title='bbox 497 2869 607 2921; x_wconf 87' lang='lat' dir='ltr'>amata.</span> <span class='ocrx_word' id='word_1_237' title='bbox 652 2854 703 2918; x_wconf 92' lang='lat' dir='ltr'>Ob</span> <span class='ocrx_word' id='word_1_238' title='bbox 725 2873 794 2936; x_wconf 84' lang='lat' dir='ltr'>quae</span> <span class='ocrx_word' id='word_1_239' title='bbox 817 2853 892 2917; x_wconf 82' lang='lat' dir='ltr'>dura&#39;</span> <span class='ocrx_word' id='word_1_240' title='bbox 911 2859 1010 2918; x_wconf 86' lang='lat' dir='ltr'>cervix</span> <span class='ocrx_word' id='word_1_241' title='bbox 1025 2856 1085 2930; x_wconf 91' lang='lat' dir='ltr'>illa,</span> <span class='ocrx_word' id='word_1_242' title='bbox 1108 2855 1212 2918; x_wconf 87' lang='lat' dir='ltr'>multis</span> <span class='ocrx_word' id='word_1_243' title='bbox 1232 2855 1295 2934; x_wconf 89' lang='lat' dir='ltr'>jam</span> <span class='ocrx_word' id='word_1_244' title='bbox 1320 2859 1518 2938; x_wconf 86' lang='lat' dir='ltr'>peccaminum</span> <span class='ocrx_word' id='word_1_245' title='bbox 1560 2840 1561 2927; x_wconf 56' lang='lat' dir='ltr'>J</span> 
     </span>
     <span class='ocr_line' id='line_1_29' title="bbox 495 2939 1561 3026; baseline 0.001 -20"><span class='ocrx_word' id='word_1_246' title='bbox 495 2940 625 3008; x_wconf 82' lang='lat' dir='ltr'>fascibus</span> <span class='ocrx_word' id='word_1_247' title='bbox 637 2958 766 3016; x_wconf 86' lang='lat' dir='ltr'>onerata,</span> <span class='ocrx_word' id='word_1_248' title='bbox 778 2942 852 3005; x_wconf 91' lang='lat' dir='ltr'>bino</span> <span class='ocrx_word' id='word_1_249' title='bbox 860 2944 1029 3026; x_wconf 85' lang='lat' dir='ltr'>parricidali</span> <span class='ocrx_word' id='word_1_250' title='bbox 1040 2941 1124 3020; x_wconf 89' lang='lat' dir='ltr'>ausu,</span> <span class='ocrx_word' id='word_1_251' title='bbox 1133 2939 1518 3025; x_wconf 74' lang='lat' dir='ltr'>occidendosupradidbum,</span> <span class='ocrx_word' id='word_1_252' title='bbox 1560 2948 1561 3019; x_wconf 61' lang='grc' dir='ltr'>ξ</span> 
     </span>
     <span class='ocr_line' id='line_1_30' title="bbox 429 3026 1561 3114; baseline 0 -20"><span class='ocrx_word' id='word_1_253' title='bbox 429 3100 434 3109; x_wconf 24' lang='grc' dir='ltr'><strong><em>Δ</em></strong></span> <span class='ocrx_word' id='word_1_254' title='bbox 498 3049 687 3114; x_wconf 82' lang='lat' dir='ltr'>uxoremque</span> <span class='ocrx_word' id='word_1_255' title='bbox 713 3045 806 3105; x_wconf 90' lang='lat' dir='ltr'>tuam,</span> <span class='ocrx_word' id='word_1_256' title='bbox 830 3030 1015 3114; x_wconf 85' lang='lat' dir='ltr'>aliquamdiu</span> <span class='ocrx_word' id='word_1_257' title='bbox 1041 3029 1060 3093; x_wconf 72' lang='lat' dir='ltr'>a</span> <span class='ocrx_word' id='word_1_258' title='bbox 1082 3045 1112 3094; x_wconf 86' lang='lat' dir='ltr'>te</span> <span class='ocrx_word' id='word_1_259' title='bbox 1134 3030 1276 3105; x_wconf 87' lang='lat' dir='ltr'>habitam,</span> <span class='ocrx_word' id='word_1_260' title='bbox 1302 3035 1385 3093; x_wconf 90' lang='lat' dir='ltr'>velut</span> <span class='ocrx_word' id='word_1_261' title='bbox 1410 3029 1521 3094; x_wconf 90' lang='lat' dir='ltr'>summo</span> <span class='ocrx_word' id='word_1_262' title='bbox 1560 3026 1561 3101; x_wconf 83' lang='lat' dir='ltr'>l</span> 
     </span>
     <span class='ocr_line' id='line_1_31' title="bbox 497 3108 1561 3203; baseline 0.005 -21"><span class='ocrx_word' id='word_1_263' title='bbox 497 3116 643 3203; x_wconf 88' lang='lat' dir='ltr'>sacrilegii</span> <span class='ocrx_word' id='word_1_264' title='bbox 659 3120 703 3182; x_wconf 86' lang='lat' dir='ltr'>tui</span> <span class='ocrx_word' id='word_1_265' title='bbox 718 3111 856 3190; x_wconf 81' lang='lat' dir='ltr'>culmine,</span> <span class='ocrx_word' id='word_1_266' title='bbox 879 3117 918 3180; x_wconf 87' lang='lat' dir='ltr'>&#39;de</span> <span class='ocrx_word' id='word_1_267' title='bbox 932 3120 999 3181; x_wconf 86' lang='lat' dir='ltr'>imis</span> <span class='ocrx_word' id='word_1_268' title='bbox 1009 3117 1046 3179; x_wconf 86' lang='lat' dir='ltr'>ad</span> <span class='ocrx_word' id='word_1_269' title='bbox 1057 3117 1197 3180; x_wconf 87' lang='lat' dir='ltr'>inferiora</span> <span class='ocrx_word' id='word_1_270' title='bbox 1210 3123 1362 3181; x_wconf 84' lang='lat' dir='ltr'>curvatur.</span> <span class='ocrx_word' id='word_1_271' title='bbox 1405 3121 1520 3182; x_wconf 90' lang='lat' dir='ltr'>Dehinc</span> <span class='ocrx_word' id='word_1_272' title='bbox 1560 3108 1561 3187; x_wconf 84' lang='lat' dir='ltr'>l</span> 
     </span>
     <span class='ocr_line' id='line_1_32' title="bbox 392 3202 1520 3290; baseline 0.005 -26"><span class='ocrx_word' id='word_1_273' title='bbox 392 3259 393 3264; x_wconf 73' lang='grc'>,</span> <span class='ocrx_word' id='word_1_274' title='bbox 497 3205 590 3282; x_wconf 86' lang='lat' dir='ltr'>illam,</span> <span class='ocrx_word' id='word_1_275' title='bbox 605 3207 690 3288; x_wconf 85' lang='lat' dir='ltr'>cujus</span> <span class='ocrx_word' id='word_1_276' title='bbox 704 3205 820 3269; x_wconf 91' lang='lat' dir='ltr'>dudum</span> <span class='ocrx_word' id='word_1_277' title='bbox 835 3206 969 3268; x_wconf 91' lang='lat' dir='ltr'>colludio</span> <span class='ocrx_word' id='word_1_278' title='bbox 985 3227 1019 3268; x_wconf 89' lang='lat' dir='ltr'>ac</span> <span class='ocrx_word' id='word_1_279' title='bbox 1033 3202 1219 3289; x_wconf 83' lang='lat' dir='ltr'>suggestione</span> <span class='ocrx_word' id='word_1_280' title='bbox 1234 3221 1324 3267; x_wconf 84' lang='lat' dir='ltr'>tanrae</span> <span class='ocrx_word' id='word_1_281' title='bbox 1337 3203 1405 3270; x_wconf 88' lang='lat' dir='ltr'>sunt</span> <span class='ocrx_word' id='word_1_282' title='bbox 1421 3227 1520 3290; x_wconf 79' lang='lat' dir='ltr'>pecca·</span> 
     </span>
     <span class='ocr_line' id='line_1_33' title="bbox 387 3291 1522 3377; baseline 0.002 -21"><span class='ocrx_word' id='word_1_283' title='bbox 387 3307 400 3328; x_wconf 64' lang='lat'>&#39;¹</span> <span class='ocrx_word' id='word_1_284' title='bbox 495 3308 602 3357; x_wconf 86' lang='lat' dir='ltr'>torum</span> <span class='ocrx_word' id='word_1_285' title='bbox 616 3291 834 3358; x_wconf 79' lang='lat' dir='ltr'>subiraemoles</span> <span class='ocrx_word' id='word_1_286' title='bbox 858 3293 907 3367; x_wconf 87' lang='lat' dir='ltr'>(ut</span> <span class='ocrx_word' id='word_1_287' title='bbox 928 3296 1018 3356; x_wconf 87' lang='lat' dir='ltr'>etiam</span> <span class='ocrx_word' id='word_1_288' title='bbox 1042 3294 1168 3376; x_wconf 77' lang='lat' dir='ltr'>publicar</span> <span class='ocrx_word' id='word_1_289' title='bbox 1187 3292 1307 3356; x_wconf 81' lang='lat' dir='ltr'>fallaces</span> <span class='ocrx_word' id='word_1_290' title='bbox 1330 3292 1522 3377; x_wconf 76' lang='lat' dir='ltr'>parasitorum</span> 
     </span>
     <span class='ocr_line' id='line_1_34' title="bbox 402 3378 1561 3466; baseline 0.001 -22"><span class='ocrx_word' id='word_1_291' title='bbox 402 3423 404 3430; x_wconf 45' lang='grc' dir='ltr'>ι</span> <span class='ocrx_word' id='word_1_292' title='bbox 499 3397 624 3446; x_wconf 88' lang='lat' dir='ltr'>tuorum</span> <span class='ocrx_word' id='word_1_293' title='bbox 637 3381 748 3466; x_wconf 84' lang='lat' dir='ltr'>linguae</span> <span class='ocrx_word' id='word_1_294' title='bbox 762 3381 958 3456; x_wconf 84' lang='lat' dir='ltr'>conclamant,</span> <span class='ocrx_word' id='word_1_295' title='bbox 980 3378 1101 3443; x_wconf 84' lang='lat' dir='ltr'>summis</span> <span class='ocrx_word' id='word_1_296' title='bbox 1117 3397 1215 3443; x_wconf 90' lang='lat' dir='ltr'>tamen</span> <span class='ocrx_word' id='word_1_297' title='bbox 1231 3380 1326 3456; x_wconf 82' lang='lat' dir='ltr'>labiis,</span> <span class='ocrx_word' id='word_1_298' title='bbox 1350 3401 1412 3443; x_wconf 91' lang='lat' dir='ltr'>non</span> <span class='ocrx_word' id='word_1_299' title='bbox 1427 3385 1522 3445; x_wconf 86' lang='lat' dir='ltr'>exin·</span> <span class='ocrx_word' id='word_1_300' title='bbox 1560 3414 1561 3455; x_wconf 58' lang='grc' dir='ltr'>ι</span> 
     </span>
     <span class='ocr_line' id='line_1_35' title="bbox 498 3466 1561 3559; baseline 0 -26"><span class='ocrx_word' id='word_1_301' title='bbox 498 3469 575 3534; x_wconf 84' lang='lat' dir='ltr'>timo</span> <span class='ocrx_word' id='word_1_302' title='bbox 591 3469 701 3553; x_wconf 82' lang='lat' dir='ltr'>cordis)</span> <span class='ocrx_word' id='word_1_303' title='bbox 724 3469 862 3554; x_wconf 87' lang='lat' dir='ltr'>legitimo</span> <span class='ocrx_word' id='word_1_304' title='bbox 885 3483 993 3559; x_wconf 87' lang='lat' dir='ltr'>utpote</span> <span class='ocrx_word' id='word_1_305' title='bbox 1014 3467 1165 3531; x_wconf 85' lang='lat' dir='ltr'>viduatam</span> <span class='ocrx_word' id='word_1_306' title='bbox 1188 3468 1288 3546; x_wconf 87' lang='lat' dir='ltr'>thoro,</span> <span class='ocrx_word' id='word_1_307' title='bbox 1311 3466 1524 3538; x_wconf 83' lang='lat' dir='ltr'>sceleratiffimo</span> <span class='ocrx_word' id='word_1_308' title='bbox 1560 3530 1561 3533; x_wconf 74' lang='grc'>,</span> 
     </span>
     <span class='ocr_line' id='line_1_36' title="bbox 498 3554 1561 3645; baseline 0 -26"><span class='ocrx_word' id='word_1_309' title='bbox 498 3555 642 3621; x_wconf 87' lang='lat' dir='ltr'>adscivisti</span> <span class='ocrx_word' id='word_1_310' title='bbox 656 3557 818 3628; x_wconf 89' lang='lat' dir='ltr'>connubio.</span> <span class='ocrx_word' id='word_1_311' title='bbox 1560 3554 1561 3645; x_wconf 84' lang='lat'>)</span> 
     </span>
     <span class='ocr_line' id='line_1_37' title="bbox 334 3641 1561 3732; baseline -0.005 -15"><span class='ocrx_word' id='word_1_312' title='bbox 334 3663 496 3732; x_wconf 57' lang='lat' dir='ltr'>aegisono.</span> <span class='ocrx_word' id='word_1_313' title='bbox 541 3645 627 3728; x_wconf 87' lang='lat' dir='ltr'>Rege</span> <span class='ocrx_word' id='word_1_314' title='bbox 638 3641 916 3710; x_wconf 82' lang='lat' dir='ltr'>audienteverbum</span> <span class='ocrx_word' id='word_1_315' title='bbox 929 3644 1077 3727; x_wconf 89' lang='lat' dir='ltr'>iniquum,</span> <span class='ocrx_word' id='word_1_316' title='bbox 1098 3661 1213 3718; x_wconf 89' lang='lat' dir='ltr'>omnes,</span> <span class='ocrx_word' id='word_1_317' title='bbox 1236 3645 1289 3726; x_wconf 91' lang='lat' dir='ltr'>qui</span> <span class='ocrx_word' id='word_1_318' title='bbox 1308 3641 1364 3706; x_wconf 90' lang='lat' dir='ltr'>sub</span> <span class='ocrx_word' id='word_1_319' title='bbox 1377 3642 1524 3720; x_wconf 88' lang='lat' dir='ltr'>illosunt,</span> <span class='ocrx_word' id='word_1_320' title='bbox 1560 3660 1561 3711; x_wconf 81' lang='lat' dir='ltr'>l</span> 
     </span>
     <span class='ocr_line' id='line_1_38' title="bbox 335 3722 1561 3814; baseline -0.001 -17"><span class='ocrx_word' id='word_1_321' title='bbox 335 3727 480 3797; x_wconf 79' lang='lat' dir='ltr'>umpopnlo</span> <span class='ocrx_word' id='word_1_322' title='bbox 499 3727 607 3796; x_wconf 83' lang='lat' dir='ltr'>scelesti</span> <span class='ocrx_word' id='word_1_323' title='bbox 625 3729 703 3798; x_wconf 91' lang='lat' dir='ltr'>sunt.</span> <span class='ocrx_word' id='word_1_324' title='bbox 744 3731 900 3811; x_wconf 47' lang='lat' dir='ltr'>‚Nimium</span> <span class='ocrx_word' id='word_1_325' title='bbox 921 3751 985 3808; x_wconf 82' lang='lat' dir='ltr'>rex,</span> <span class='ocrx_word' id='word_1_326' title='bbox 1009 3745 1044 3792; x_wconf 92' lang='lat' dir='ltr'>ut</span> <span class='ocrx_word' id='word_1_327' title='bbox 1063 3732 1208 3814; x_wconf 89' lang='lat' dir='ltr'>propheta</span> <span class='ocrx_word' id='word_1_328' title='bbox 1222 3731 1273 3805; x_wconf 89' lang='lat' dir='ltr'>ait,</span> <span class='ocrx_word' id='word_1_329' title='bbox 1292 3729 1390 3811; x_wconf 85' lang='lat' dir='ltr'>justus</span> <span class='ocrx_word' id='word_1_330' title='bbox 1409 3729 1525 3797; x_wconf 86' lang='lat' dir='ltr'>suscitat</span> <span class='ocrx_word' id='word_1_331' title='bbox 1560 3722 1561 3763; x_wconf 61' lang='lat'><em>⁷</em></span> 
     </span>
     <span class='ocr_line' id='line_1_39' title="bbox 336 3810 1561 3902; baseline 0.001 -20"><span class='ocrx_word' id='word_1_332' title='bbox 336 3810 474 3847; x_wconf 76' lang='lat' dir='ltr'>commune.</span> <span class='ocrx_word' id='word_1_333' title='bbox 501 3821 664 3902; x_wconf 87' lang='lat' dir='ltr'>regionem.</span> <span class='ocrx_word' id='word_1_334' title='bbox 709 3818 770 3882; x_wconf 90' lang='lat' dir='ltr'>Sed</span> <span class='ocrx_word' id='word_1_335' title='bbox 789 3819 905 3882; x_wconf 88' lang='lat' dir='ltr'>monita</span> <span class='ocrx_word' id='word_1_336' title='bbox 924 3817 1136 3901; x_wconf 79' lang='lat' dir='ltr'>tibiprosesio</span> <span class='ocrx_word' id='word_1_337' title='bbox 1157 3837 1219 3880; x_wconf 90' lang='lat' dir='ltr'>non</span> <span class='ocrx_word' id='word_1_338' title='bbox 1241 3815 1356 3895; x_wconf 81' lang='lat' dir='ltr'>desunt,</span> <span class='ocrx_word' id='word_1_339' title='bbox 1379 3840 1456 3882; x_wconf 90' lang='lat' dir='ltr'>cum·</span> <span class='ocrx_word' id='word_1_340' title='bbox 1474 3823 1524 3883; x_wconf 82' lang='lat' dir='ltr'>ha·</span> <span class='ocrx_word' id='word_1_341' title='bbox 1560 3826 1561 3855; x_wconf 54' lang='lat' dir='ltr'>l</span> 
     </span>
     <span class='ocr_line' id='line_1_40' title="bbox 337 3905 1523 3998; baseline 0.002 -28"><span class='ocrx_word' id='word_1_342' title='bbox 337 3924 477 3996; x_wconf 76' lang='lat' dir='ltr'>Praeceptor¹</span> <span class='ocrx_word' id='word_1_343' title='bbox 500 3907 601 3970; x_wconf 72' lang='lat' dir='ltr'>buel&#39;lss</span> <span class='ocrx_word' id='word_1_344' title='bbox 623 3919 834 3992; x_wconf 78' lang='lat' dir='ltr'>praecepiOl&#39;em</span> <span class='ocrx_word' id='word_1_345' title='bbox 857 3925 933 3992; x_wconf 80' lang='lat' dir='ltr'>pene</span> <span class='ocrx_word' id='word_1_346' title='bbox 961 3909 1053 3972; x_wconf 75' lang='lat' dir='ltr'>lolius</span> <span class='ocrx_word' id='word_1_347' title='bbox 1080 3906 1243 3974; x_wconf 53' lang='lat' dir='ltr'>Britannis&amp;</span> <span class='ocrx_word' id='word_1_348' title='bbox 1266 3905 1445 3998; x_wconf 65' lang='lat' dir='ltr'>magistrum</span> <span class='ocrx_word' id='word_1_349' title='bbox 1469 3909 1523 3976; x_wconf 74' lang='lat' dir='ltr'>ele·</span> 
     </span>
    </p>
   </div>
   <div class='ocr_carea' id='block_1_3' title="bbox 334 3985 1097 4146">
    <p class='ocr_par' dir='ltr' id='par_1_3' title="bbox 334 3985 1097 4146">
     <span class='ocr_line' id='line_1_41' title="bbox 334 3985 1048 4146; baseline 0.027 -141"><span class='ocrx_word' id='word_1_350' title='bbox 334 3985 487 4052; x_wconf 57' lang='lat' dir='ltr'>,Magloculuo</span> <span class='ocrx_word' id='word_1_351' title='bbox 501 4011 636 4082; x_wconf 50' lang='lat' dir='ltr'>gamem·</span> <span class='ocrx_word' id='word_1_352' title='bbox 932 4078 1048 4146; x_wconf 63' lang='lat' dir='ltr'><strong>Leland</strong></span> 
     </span>
     <span class='ocr_line' id='line_1_42' title="bbox 352 4101 1097 4146; baseline -0.017 13"><span class='ocrx_word' id='word_1_353' title='bbox 352 4101 355 4110; x_wconf 84' lang='lat'><em>&#39;</em></span> <span class='ocrx_word' id='word_1_354' title='bbox 1049 4101 1097 4146; x_wconf 81' lang='lat' dir='ltr'>ua.</span> 
     </span>
    </p>
   </div>
   <div class='ocr_carea' id='block_1_4' title="bbox 324 728 468 865">
    <p class='ocr_par' dir='ltr' id='par_1_4' title="bbox 324 728 468 865">
     <span class='ocr_line' id='line_1_43' title="bbox 326 728 468 809; baseline -0.021 -25"><span class='ocrx_word' id='word_1_355' title='bbox 326 728 468 809; x_wconf 67' lang='lat' dir='ltr'>Magloeuni</span> 
     </span>
     <span class='ocr_line' id='line_1_44' title="bbox 324 809 441 865; baseline 0 -18"><span class='ocrx_word' id='word_1_356' title='bbox 324 809 441 865; x_wconf 71' lang='lat' dir='ltr'>potentia·</span> 
     </span>
    </p>
   </div>
   <div class='ocr_carea' id='block_1_5' title="bbox 350 4204 1561 4445">
    <p class='ocr_par' dir='ltr' id='par_1_5' title="bbox 350 4204 1561 4445">
     <span class='ocr_line' id='line_1_45' title="bbox 350 4204 1561 4351; baseline -0.004 -24"><span class='ocrx_word' id='word_1_357' title='bbox 350 4297 355 4304; x_wconf 88' lang='lat'>.</span> <span class='ocrx_word' id='word_1_358' title='bbox 465 4293 468 4307; x_wconf 55' lang='lat' dir='ltr'>v</span> <span class='ocrx_word' id='word_1_359' title='bbox 544 4205 775 4329; x_wconf 33' lang='lat' dir='ltr'>Hadienusshac</span> <span class='ocrx_word' id='word_1_360' title='bbox 797 4279 836 4324; x_wconf 88' lang='lat' dir='ltr'>ex</span> <span class='ocrx_word' id='word_1_361' title='bbox 849 4257 949 4338; x_wconf 71' lang='lat' dir='ltr'>Gilda</span> <span class='ocrx_word' id='word_1_362' title='bbox 962 4255 1096 4344; x_wconf 79' lang='lat' dir='ltr'>epistola,</span> <span class='ocrx_word' id='word_1_363' title='bbox 1119 4255 1178 4322; x_wconf 85' lang='lat' dir='ltr'>live</span> <span class='ocrx_word' id='word_1_364' title='bbox 1198 4254 1358 4334; x_wconf 83' lang='lat' dir='ltr'>historiola,</span> <span class='ocrx_word' id='word_1_365' title='bbox 1381 4204 1522 4344; x_wconf 43' lang='lat' dir='ltr'>&amp;pm</span> <span class='ocrx_word' id='word_1_366' title='bbox 1560 4268 1561 4351; x_wconf 85' lang='lat'>)</span> 
     </span>
     <span class='ocr_line' id='line_1_46' title="bbox 499 4342 1561 4445; baseline -0.005 -31"><span class='ocrx_word' id='word_1_367' title='bbox 499 4346 581 4430; x_wconf 81' lang='lat' dir='ltr'>sunt.</span> <span class='ocrx_word' id='word_1_368' title='bbox 627 4351 742 4426; x_wconf 89' lang='lat' dir='ltr'>Cetera,</span> <span class='ocrx_word' id='word_1_369' title='bbox 765 4348 880 4438; x_wconf 85' lang='lat' dir='ltr'>quae-in</span> <span class='ocrx_word' id='word_1_370' title='bbox 893 4346 1000 4429; x_wconf 81' lang='lat' dir='ltr'>eodem</span> <span class='ocrx_word' id='word_1_371' title='bbox 1013 4344 1115 4410; x_wconf 90' lang='lat' dir='ltr'>libello</span> <span class='ocrx_word' id='word_1_372' title='bbox 1127 4344 1223 4410; x_wconf 87' lang='lat' dir='ltr'>multa</span> <span class='ocrx_word' id='word_1_373' title='bbox 1237 4342 1414 4430; x_wconf 87' lang='lat' dir='ltr'>sequuntur,</span> <span class='ocrx_word' id='word_1_374' title='bbox 1432 4349 1521 4412; x_wconf 88' lang='lat' dir='ltr'>conti·</span> <span class='ocrx_word' id='word_1_375' title='bbox 1560 4354 1561 4445; x_wconf 89' lang='lat'>)</span> 
     </span>
    </p>
   </div>
   <div class='ocr_carea' id='block_1_6' title="bbox 500 4454 1561 4621">
    <p class='ocr_par' dir='ltr' id='par_1_6' title="bbox 500 4454 1561 4621">
     <span class='ocr_line' id='line_1_47' title="bbox 531 4454 1561 4552; baseline -0.027 -27"><span class='ocrx_word' id='word_1_376' title='bbox 531 4494 547 4525; x_wconf 82' lang='lat' dir='ltr'>a</span> <span class='ocrx_word' id='word_1_377' title='bbox 564 4480 652 4541; x_wconf 82' lang='lat' dir='ltr'>Sponte</span> <span class='ocrx_word' id='word_1_378' title='bbox 669 4475 709 4542; x_wconf 90' lang='lat' dir='ltr'>(ut</span> <span class='ocrx_word' id='word_1_379' title='bbox 722 4475 756 4523; x_wconf 87' lang='lat' dir='ltr'>ita</span> <span class='ocrx_word' id='word_1_380' title='bbox 765 4473 840 4552; x_wconf 65' lang='lat' dir='ltr'>dicam</span> <span class='ocrx_word' id='word_1_381' title='bbox 850 4472 1012 4526; x_wconf 67' lang='lat' dir='ltr'>ineluctabibr</span> <span class='ocrx_word' id='word_1_382' title='bbox 1026 4470 1142 4551; x_wconf 74' lang='lat' dir='ltr'>celsorum</span> <span class='ocrx_word' id='word_1_383' title='bbox 1152 4471 1193 4526; x_wconf 82' lang='lat' dir='ltr'>seu</span> <span class='ocrx_word' id='word_1_384' title='bbox 1206 4472 1342 4539; x_wconf 82' lang='lat' dir='ltr'>montium)</span> <span class='ocrx_word' id='word_1_385' title='bbox 1360 4475 1465 4533; x_wconf 43' lang='lat' dir='ltr'>{mags</span> <span class='ocrx_word' id='word_1_386' title='bbox 1474 4488 1523 4523; x_wconf 58' lang='lat' dir='ltr'>m,</span> <span class='ocrx_word' id='word_1_387' title='bbox 1560 4454 1561 4497; x_wconf 74' lang='lat'>3</span> 
     </span>
     <span class='ocr_line' id='line_1_48' title="bbox 500 4537 1407 4621; baseline -0.018 -27"><span class='ocrx_word' id='word_1_388' title='bbox 500 4540 556 4598; x_wconf 79' lang='lat' dir='ltr'>les?</span> <span class='ocrx_word' id='word_1_389' title='bbox 574 4542 629 4594; x_wconf 84' lang='lat' dir='ltr'>Gal.</span> <span class='ocrx_word' id='word_1_390' title='bbox 695 4539 902 4599; x_wconf 77' lang='lat' dir='ltr'>lEahrbraMS.</span> <span class='ocrx_word' id='word_1_391' title='bbox 965 4539 1169 4621; x_wconf 64' lang='lat' dir='ltr'>riuavrtrrMS,</span> <span class='ocrx_word' id='word_1_392' title='bbox 1234 4537 1333 4594; x_wconf 70' lang='lat' dir='ltr'>dTam</span> <span class='ocrx_word' id='word_1_393' title='bbox 1343 4541 1407 4594; x_wconf 69' lang='lat' dir='ltr'>ms,</span> 
     </span>
    </p>
   </div>
   <div class='ocr_carea' id='block_1_7' title="bbox 1454 4606 1561 4702">
    <p class='ocr_par' dir='ltr' id='par_1_7' title="bbox 1454 4606 1561 4702">
     <span class='ocr_line' id='line_1_49' title="bbox 1454 4606 1561 4702; baseline -0.056 -25"><span class='ocrx_word' id='word_1_394' title='bbox 1454 4618 1536 4702; x_wconf 42' lang='lat' dir='ltr'>nent,</span> <span class='ocrx_word' id='word_1_395' title='bbox 1560 4606 1561 4687; x_wconf 59' lang='grc' dir='ltr'>ᾗ</span> 
     </span>
    </p>
   </div>
   <div class='ocr_carea' id='block_1_8' title="bbox 0 0 1708 5300">
    <p class='ocr_par' dir='ltr' id='par_1_8' title="bbox 0 0 1708 5300">
     <span class='ocr_line' id='line_1_50' title="bbox 0 0 1708 5300; baseline 0 0"><span class='ocrx_word' id='word_1_396' title='bbox 0 0 1708 5300; x_wconf 95' lang='lat' dir='ltr'> </span> 
     </span>
    </p>
   </div>
  </div>
 </body>
</html>
