3392 5300
662 442 962 525 Jouttttts
1017 439 1353 505 LELANDI

489 578 662 641 Scottorum
682 570 701 634 ai
724 574 834 649 circio,
857 570 1013 637 Pistomm
1032 572 1070 633 ab
1092 572 1260 655 Aquilone,
1286 573 1408 644 multos
1432 571 1521 656 stupet

489 664 644 750 gemitque
653 680 706 743 per
717 682 822 723 annos.
851 656 1078 724 Transmarinas
1090 677 1191 722 autern
1203 659 1342 723 dicimus
1352 662 1410 723 has
1418 678 1520 745 gentes,

491 770 552 817 non
571 746 655 831 quod
675 765 761 813 extra
775 749 961 811 Britanniam
981 748 1071 811 ellent
1095 747 1207 830 posttae,
1233 745 1284 811 sed
1314 751 1397 831 quia
1419 748 1525 832 sparte

389 907 393 917 ,
490 839 648 905 Britonum
663 853 747 899 erant
762 851 885 899 temotae
899 836 1018 897 duobus
1033 833 1144 899 stnibus
1159 836 1250 898 maris
1265 837 1523 917 interjacentibus,

482 945 619 1012 ‚quorum
635 944 713 987 unus
728 925 766 987 ab
783 924 917 986 orientali
934 923 1069 1003 [aurati
1085 924 1158 987 alter
1171 925 1211 985 ab
1223 924 1450 1002 occidentali,]
1469 926 1526 987 Bri·

492 1015 599 1079 tanniae
614 1028 705 1077 terras
718 1012 809 1096 longe
822 1013 943 1093 lateque
957 1012 1113 1093 inrumpit,
1134 1013 1274 1094 quamvis
1288 1012 1330 1071 ad
1356 1009 1392 1075 se
1410 1011 1526 1076 inritus

848 1100 1015 1182 pertingere
1030 1119 1089 1159 non
1107 1097 1235 1181 possunt.
1281 1100 1463 1163 Orientalis
1484 1101 1526 1161 ha·

372 1184 806 1269 AliasGuid't.thenumlegi
848 1188 900 1248 bet
924 1188 954 1248 in
981 1188 1083 1249 medio
1110 1183 1153 1248 sui
1179 1187 1287 1247 urbem
1316 1187 1425 1262 Yidi;
1461 1189 1528 1250 ocni·

329 1282 414 1369 possit
425 1278 541 1355 Twidi,
556 1290 592 1339 ut
603 1273 745 1357 intelligat
756 1295 810 1338 ur*
848 1274 974 1337 dentalis
993 1272 1079 1357 supra
1103 1271 1141 1354 le,
1164 1275 1223 1335 hoc
1236 1270 1290 1347 est,
1316 1274 1358 1336 ad
1378 1276 1528 1339 dexteram

329 1370 399 1434 bem
415 1366 538 1449 postam
550 1360 639 1441 ¹supet
656 1360 807 1425 Twidum
849 1359 904 1435 sui,
928 1362 1019 1425 habet
1039 1362 1144 1423 urbem
1160 1360 1286 1434 Alcluit,
1311 1365 1411 1444 quod
1433 1364 1528 1447 lingua

329 1457 384 1525 flu.
399 1454 453 1519 ubi
466 1473 546 1529 nune
559 1452 744 1537 Berovicum,
848 1470 955 1512 eorum
970 1449 1115 1533 fignificat
1129 1464 1241 1532 petram
1253 1449 1344 1511 cluit.
1387 1451 1448 1514 Est
1457 1454 1528 1513 enim

377 1546 465 1606 Cl'uta
479 1540 551 1605 urbs
565 1538 657 1611 unde.
844 1538 932 1617 juxta
960 1538 1014 1601 flu.
1045 1539 1171 1607 nominis
1196 1536 1283 1598 illius.
1339 1539 1399 1601 Ob
1431 1540 1528 1601 harum

328 1545 498 1721 daretur,
521 1632 543 1691 i.
556 1648 583 1689 e.
598 1644 692 1710 petra.
849 1646 924 1708 ergo
949 1623 1162 1688 infestationem
1186 1626 1336 1707 gentium,
1361 1630 1527 1699 Brittones,

328 1700 333 1718 ⁴
850 1712 964 1795 legatos
992 1716 1120 1775 Romam
1144 1733 1212 1775 cum
1240 1711 1384 1793 epistolis
1417 1717 1528 1777 mitten·

496 1818 549 1878 tes,
565 1798 755 1885 lachrymosis
768 1801 904 1883 precibus
920 1802 1029 1862 auxilia
1044 1800 1228 1880 flagitabant,
1245 1800 1529 1884 lubjeslionemqut

494 1892 675 1965 continuam,
692 1889 859 1952 dummodo
870 1888 960 1951 hollis
972 1891 1126 1950 imminens
1141 1887 1261 1970 longius
1276 1908 1451 1965 arceretur,
1470 1911 1529 1972 pro

495 1979 663 2049 mittebant.
708 1978 829 2061 Qtibus
852 1997 925 2039 mox
948 1977 1024 2059 legio
1049 1974 1209 2037 destinatur
1233 1992 1358 2049 armata,
1385 1998 1464 2060 quae
1486 1979 1529 2039 ubi

495 2064 619 2128 insulam
636 2063 768 2139 adressa,
792 2066 821 2125 8<
836 2064 985 2145 congressa
1000 2062 1042 2125 est
1058 2085 1128 2125 cum
1143 2062 1286 2137 hostibus,
1310 2084 1466 2147 magnam
1488 2088 1528 2128 eo·

497 2174 565 2215 rum
582 2151 805 2225 multitudinem
815 2150 953 2227 sternens,
976 2168 1087 2213 ceteros
1100 2148 1244 2211 sociorum
1260 2151 1375 2213 finibus
1389 2156 1528 2237 expulit;

497 2238 606 2325 eosque
620 2242 749 2312 interim,
772 2238 789 2303 ὲ
811 2239 949 2301 dirissima
962 2237 1140 2321 depreslione
1158 2240 1305 2312 liberatos,
1331 2240 1465 2303 hortata
1486 2240 1527 2313 esl

497 2328 638 2393 instruere
650 2332 728 2392 inter
743 2328 805 2390 duo
820 2331 913 2390 maria
928 2342 1006 2389 trans
1021 2326 1143 2389 insulam
1160 2348 1293 2399 murum,
1317 2329 1374 2408 qui
1393 2331 1527 2392 arcendis

497 2416 631 2480 hostibus
653 2416 738 2499 possit
758 2416 814 2477 esse
829 2416 987 2498 praestdiot
1012 2414 1112 2497 lthue
1135 2413 1260 2477 domurn
1280 2436 1354 2477 cum
1370 2419 1528 2499 triumphu

334 2516 471 2584 'Legere-
497 2525 606 2589 magno
620 2501 731 2566 reversa
741 2496 792 2562 esi.
831 2507 874 2563 Ar
889 2500 1009 2564 insulani
1025 2522 1155 2575 murum,
1179 2507 1197 2542 *
1212 2523 1300 2585 quem
1312 2503 1384 2582 jnffi
1397 2504 1527 2578 fuerunt,

335 2584 557 2656 ‘'imai''‘mmon
588 2608 651 2654 tam
679 2589 829 2674 lapidibus
860 2611 952 2672 quam
986 2588 1144 2672 cespitibus
1170 2588 1381 2668 construentes,
1425 2610 1528 2678 utpote

334 2647 474 2702 admotum.
499 2679 617 2742 nullum
640 2681 714 2742 tanti
738 2680 833 2760 operis
848 2679 992 2741 artificem
1015 2680 1167 2753 habentes,
1190 2680 1228 2741 ad
1248 2681 1460 2746 nihilutilem
1483 2683 1528 2745 sta·

500 2783 599 2830 ruunt.
645 2769 792 2828 Fecerunt
806 2780 905 2828 autem
929 2787 997 2830 eum
1021 2767 1179 2828 interduo
1198 2765 1285 2842 freta,
1309 2764 1356 2830 vel
1372 2769 1479 2846 smus,
1498 2773 1528 2832 de

500 2855 611 2939 quibus
632 2855 773 2926 diximus,
798 2855 897 2930 maris,
920 2876 972 2937 per
996 2855 1084 2917 millia
1101 2854 1232 2936 passuum
1247 2856 1400 2936 plurima;
1432 2877 1471 2921 ut
1485 2860 1529 2922 ubi

502 2962 649 3026 aquarum
668 2942 796 3009 munitio
812 2941 920 3015 deerat,
947 2943 987 3013 ibi
1003 2942 1138 3026 praesrdio
1158 2943 1227 3003 valli
1241 2942 1315 3004 fines
1330 2941 1402 3008 suos
1426 2949 1471 3011 ab
1486 2951 1529 3013 ho

500 3031 592 3094 ilium
613 3031 777 3112 irruptione
793 3029 996 3093 defenderent.
1043 3033 1136 3111 Cujus
1151 3034 1248 3112 operis
1262 3030 1373 3094 ibidem
1388 3033 1485 3110 facti,
1504 3033 1528 3097 id

500 3117 552 3198 eil,
575 3117 644 3181 valli
659 3115 795 3192 latissimi,
819 3118 1001 3198 &altissimi
1025 3115 1118 3199 usque
1133 3118 1222 3180 hodie
1236 3118 1390 3193 certiffima
1408 3125 1528 3208 vestigia

501 3227 617 3269 cernere
646 3207 726 3268 licet.
779 3207 888 3289 Incipit
913 3223 1010 3270 autem
1035 3206 1165 3273 duorum
1194 3204 1286 3282 ferme
1313 3209 1528 3291 milli[ari]um

957 3325 973 3357 n
1261 3339 1264 3344 .

501 3373 597 3456 spatio
621 3371 639 3436 ai
662 3372 838 3460 monasterio
863 3375 1080 3460 Ebbercurnig,
1111 3375 1150 3438 ad
1173 3376 1366 3454 occidentem,
1392 3381 1428 3450 in
1457 3382 1528 3456 loco,

547 3466 601 3548 qui
615 3463 749 3542 sermone
764 3463 918 3540 Pistorum
940 3465 1094 3535 Peanuael,
1118 3464 1217 3547 lingua
1240 3484 1339 3534 autem
1356 3469 1529 3566 Anglorum

510 3463 724 3638 iPenneltom
747 3553 931 3636 appellatur;
956 3552 1124 3614 &tendens
1143 3567 1247 3627 contra
1269 3555 1462 3635 occidentem
1479 3576 1528 3620 ter·

506 3641 635 3703 minatur
653 3642 742 3719 juxta
766 3641 869 3701 urbem
893 3639 1016 3702 Alcluit.
1060 3643 1174 3702 Verum
1201 3643 1311 3722 priores
1336 3645 1452 3708 inimici
1483 3646 1531 3708 ubi
1559 3682 1560 3697 2

507 3729 711 3790 Romanorum
735 3728 857 3789 militem
879 3726 978 3790 abiisse
1001 3724 1228 3810 conspexerant}
1246 3748 1318 3790 mox
1338 3730 1461 3795 advedli
1485 3754 1529 3795 na·

505 3817 594 3877 vibus
608 3816 785 3898 inrumpunt
799 3816 950 3890 terminos,
973 3815 1152 3898 caeduntque
1167 3816 1276 3891 omnia,
1301 3817 1341 3893 81,
1366 3819 1454 3902 quast
1469 3841 1530 3883 ma·

506 3919 602 3966 turam
625 3900 763 3985 segetem,
794 3903 882 3986 obvia
902 3923 1030 3985 quaeque
1050 3919 1177 3979 metunt,
1209 3904 1332 3980 calcant,
1367 3908 1527 3972 transeunt.

494 3980 596 4054 *Unde
619 3988 734 4054 rursum
759 3992 921 4054 mittuntur
945 3995 1075 4055 Romam
1091 3992 1202 4075 legati,
1230 3991 1322 4054 flebili
1348 4015 1421 4056 voce
1447 3998 1526 4058 auxi·

503 4076 580 4142 lium
594 4079 795 4161 implorantes,
819 4098 855 4140 ne
876 4080 992 4160 penitus
1008 4075 1109 4141 misera
1128 4083 1222 4163 patria
1240 4079 1396 4158 deleretur,
1419 4104 1459 4147 ue
1478 4103 1524 4145 no

505 4185 574 4230 tuen
595 4169 737 4228 Romanae
752 4170 922 4249 provinciae,
945 4169 1028 4251 quod
1051 4169 1130 4249 apud
1148 4189 1200 4231 eos
1224 4169 1349 4230 tamdiu
1373 4171 1522 4242 claruerat,

505 4269 674 4316 camerarum
698 4256 833 4335 gentium
859 4257 1051 4338 improbitate
1076 4258 1219 4318 obrutum
1244 4253 1404 4322 vilesceret.
1449 4263 1522 4321 Rur·
1559 4258 1560 4273 ¹

505 4336 570 4413 sum
593 4341 721 4402 mittitur
744 4341 832 4424 legio,
855 4363 926 4425 quae
948 4343 1096 4424 inopinata
1119 4360 1252 4424 tempore
1274 4349 1414 4409 autumni
1439 4348 1521 4412 adve—
1559 4404 1560 4415 ,

505 4428 598 4509 niens,
622 4447 743 4511 magnus
759 4428 890 4499 hostium
903 4429 1010 4513 strages
1026 4429 1118 4508 dedit,
1133 4424 1253 4514 eosque,
1269 4432 1321 4513 qui
1335 4433 1459 4498 evadere
1472 4451 1520 4515 ρο·

506 4529 612 4604 terant,
636 4536 737 4582 omues
759 4535 838 4582 trans
865 4521 955 4582 maria
976 4517 1102 4601 fugavit,
1132 4520 1187 4606 qui
1212 4521 1296 4605 prius
1319 4519 1517 4583 anniversarias
1559 4550 1560 4605 p

914 4645 928 4676 a
946 4625 982 4678 Er
992 4623 1088 4692 lmprtffi
1411 4607 1515 4694 praediss
1559 4678 1560 4709 1
