<?xml version="1.0" encoding="UTF-8"?>
<!DOCTYPE html PUBLIC "-//W3C//DTD XHTML 1.0 Transitional//EN"
    "http://www.w3.org/TR/xhtml1/DTD/xhtml1-transitional.dtd">
<html xmlns="http://www.w3.org/1999/xhtml" xml:lang="en" lang="en">
 <head>
  <title>
</title>
<meta http-equiv="Content-Type" content="text/html;charset=utf-8" />
  <meta name='ocr-system' content='tesseract 3.04.00' />
  <meta name='ocr-capabilities' content='ocr_page ocr_carea ocr_par ocr_line ocrx_word'/>
</head>
<body>
  <div class='ocr_page' id='page_1' title='image "./joannislelandia10lelagoog/joannislelandia10lelagoog_0348.png"; bbox 0 0 3392 5300; ppageno 0'>
   <div class='ocr_carea' id='block_1_1' title="bbox 578 432 1363 562">
    <p class='ocr_par' dir='ltr' id='par_1_1' title="bbox 578 432 1363 562">
     <span class='ocr_line' id='line_1_1' title="bbox 578 432 1363 562; baseline 0.005 -16"><span class='ocrx_word' id='word_1_1' title='bbox 578 432 587 441; x_wconf 41' lang='lat'>⁵</span> <span class='ocrx_word' id='word_1_2' title='bbox 674 480 1363 562; x_wconf 81' lang='lat' dir='ltr'>Joannrsuuutuor</span> 
     </span>
    </p>
   </div>
   <div class='ocr_carea' id='block_1_2' title="bbox 590 612 1563 1052">
    <p class='ocr_par' dir='ltr' id='par_1_2' title="bbox 590 612 1563 1052">
     <span class='ocr_line' id='line_1_2' title="bbox 590 612 1536 699; baseline 0.007 -22"><span class='ocrx_word' id='word_1_3' title='bbox 590 614 754 678; x_wconf 74' lang='lat' dir='ltr'>Eibelberti</span> <span class='ocrx_word' id='word_1_4' title='bbox 766 615 795 679; x_wconf 78' lang='lat' dir='ltr'>d</span> <span class='ocrx_word' id='word_1_5' title='bbox 806 618 833 674; x_wconf 83' lang='lat' dir='ltr'><em>E</em></span> <span class='ocrx_word' id='word_1_6' title='bbox 833 612 955 684; x_wconf 79' lang='lat' dir='ltr'>=thelredi</span> <span class='ocrx_word' id='word_1_7' title='bbox 965 626 1145 697; x_wconf 79' lang='lat' dir='ltr'>martyrum,</span> <span class='ocrx_word' id='word_1_8' title='bbox 1159 615 1327 699; x_wconf 69' lang='lat' dir='ltr'>&amp;filioram</span> <span class='ocrx_word' id='word_1_9' title='bbox 1339 619 1536 697; x_wconf 78' lang='lat' dir='ltr'>Eormenrodr‘,</span> 
     </span>
     <span class='ocr_line' id='line_1_3' title="bbox 590 702 1563 805; baseline 0.007 -40"><span class='ocrx_word' id='word_1_10' title='bbox 590 704 804 787; x_wconf 84' lang='lat' dir='ltr'>quisuitfilius</span> <span class='ocrx_word' id='word_1_11' title='bbox 822 702 972 777; x_wconf 84' lang='lat' dir='ltr'>Eadholdi,</span> <span class='ocrx_word' id='word_1_12' title='bbox 998 704 1027 768; x_wconf 76' lang='lat' dir='ltr'>do</span> <span class='ocrx_word' id='word_1_13' title='bbox 1031 706 1143 783; x_wconf 85' lang='lat' dir='ltr'>frater</span> <span class='ocrx_word' id='word_1_14' title='bbox 1157 706 1331 767; x_wconf 70' lang='lat' dir='ltr'>Ercorzbrrti</span> <span class='ocrx_word' id='word_1_15' title='bbox 1344 730 1447 792; x_wconf 83' lang='lat' dir='ltr'>regum</span> <span class='ocrx_word' id='word_1_16' title='bbox 1462 712 1536 773; x_wconf 87' lang='lat' dir='ltr'>Can·</span> <span class='ocrx_word' id='word_1_17' title='bbox 1562 744 1563 805; x_wconf 56' lang='lat' dir='ltr'>q</span> 
     </span>
     <span class='ocr_line' id='line_1_4' title="bbox 590 791 1536 879; baseline 0.004 -24"><span class='ocrx_word' id='word_1_18' title='bbox 590 794 778 872; x_wconf 80' lang='lat' dir='ltr'>tiae,scribot‚</span> <span class='ocrx_word' id='word_1_19' title='bbox 788 795 977 871; x_wconf 76' lang='lat' dir='ltr'>acpraetereu</span> <span class='ocrx_word' id='word_1_20' title='bbox 987 792 1092 873; x_wconf 78' lang='lat' dir='ltr'>adsunt</span> <span class='ocrx_word' id='word_1_21' title='bbox 1099 791 1300 875; x_wconf 80' lang='lat' dir='ltr'><em>genealogiam</em></span> <span class='ocrx_word' id='word_1_22' title='bbox 1312 817 1417 879; x_wconf 78' lang='lat' dir='ltr'>regum</span> <span class='ocrx_word' id='word_1_23' title='bbox 1424 798 1536 859; x_wconf 84' lang='lat' dir='ltr'>North·</span> 
     </span>
     <span class='ocr_line' id='line_1_5' title="bbox 590 876 1563 961; baseline 0.01 -18"><span class='ocrx_word' id='word_1_24' title='bbox 590 882 825 952; x_wconf 71' lang='lat' dir='ltr'>autumn-orum,</span> <span class='ocrx_word' id='word_1_25' title='bbox 849 877 943 940; x_wconf 79' lang='lat' dir='ltr'>attrito</span> <span class='ocrx_word' id='word_1_26' title='bbox 958 876 1132 961; x_wconf 77' lang='lat' dir='ltr'><em>interserens</em></span> <span class='ocrx_word' id='word_1_27' title='bbox 1148 880 1182 941; x_wconf 84' lang='lat' dir='ltr'>de</span> <span class='ocrx_word' id='word_1_28' title='bbox 1198 883 1350 945; x_wconf 78' lang='lat' dir='ltr'>abbatibus</span> <span class='ocrx_word' id='word_1_29' title='bbox 1366 907 1432 947; x_wconf 88' lang='lat' dir='ltr'>cum</span> <span class='ocrx_word' id='word_1_30' title='bbox 1446 890 1537 953; x_wconf 79' lang='lat' dir='ltr'>Werc·</span> <span class='ocrx_word' id='word_1_31' title='bbox 1562 906 1563 925; x_wconf 66' lang='lat'>¹</span> 
     </span>
     <span class='ocr_line' id='line_1_6' title="bbox 591 965 1474 1052; baseline 0.001 -22"><span class='ocrx_word' id='word_1_32' title='bbox 591 965 727 1052; x_wconf 75' lang='lat' dir='ltr'>muterfis</span> <span class='ocrx_word' id='word_1_33' title='bbox 742 981 806 1030; x_wconf 87' lang='lat' dir='ltr'>tum</span> <span class='ocrx_word' id='word_1_34' title='bbox 821 965 1013 1049; x_wconf 72' lang='lat' dir='ltr'>Girouiccrfis</span> <span class='ocrx_word' id='word_1_35' title='bbox 1028 970 1153 1044; x_wconf 74' lang='lat' dir='ltr'>coenobii,</span> <span class='ocrx_word' id='word_1_36' title='bbox 1177 990 1211 1031; x_wconf 84' lang='lat' dir='ltr'>ar</span> <span class='ocrx_word' id='word_1_37' title='bbox 1227 972 1317 1035; x_wconf 83' lang='lat' dir='ltr'>etiam</span> <span class='ocrx_word' id='word_1_38' title='bbox 1328 970 1364 1033; x_wconf 86' lang='lat' dir='ltr'>de</span> <span class='ocrx_word' id='word_1_39' title='bbox 1378 972 1474 1039; x_wconf 75' lang='lat' dir='ltr'>Beda.</span> 
     </span>
    </p>
   </div>
   <div class='ocr_carea' id='block_1_3' title="bbox 722 1094 1563 1189">
    <p class='ocr_par' dir='ltr' id='par_1_3' title="bbox 722 1094 1563 1189">
     <span class='ocr_line' id='line_1_7' title="bbox 722 1094 1563 1189; baseline 0.002 -34"><span class='ocrx_word' id='word_1_40' title='bbox 722 1099 772 1156; x_wconf 88' lang='lat' dir='ltr'>Ex</span> <span class='ocrx_word' id='word_1_41' title='bbox 788 1097 856 1157; x_wconf 75' lang='lat' dir='ltr'>vita</span> <span class='ocrx_word' id='word_1_42' title='bbox 878 1100 909 1157; x_wconf 92' lang='lat' dir='ltr'>S.</span> <span class='ocrx_word' id='word_1_43' title='bbox 926 1094 1089 1157; x_wconf 71' lang='lat' dir='ltr'>athelberti</span> <span class='ocrx_word' id='word_1_44' title='bbox 1110 1097 1139 1163; x_wconf 73' lang='lat' dir='ltr'>dr</span> <span class='ocrx_word' id='word_1_45' title='bbox 1155 1094 1314 1157; x_wconf 84' lang='lat' dir='ltr'>Ethelredi.</span> <span class='ocrx_word' id='word_1_46' title='bbox 1472 1124 1474 1129; x_wconf 95' lang='lat'>·</span> <span class='ocrx_word' id='word_1_47' title='bbox 1562 1138 1563 1189; x_wconf 49' lang='lat' dir='ltr'>q</span> 
     </span>
    </p>
   </div>
   <div class='ocr_carea' id='block_1_4' title="bbox 447 1199 1563 1627">
    <p class='ocr_par' dir='ltr' id='par_1_4' title="bbox 447 1199 1563 1627">
     <span class='ocr_line' id='line_1_8' title="bbox 550 1199 1535 1285; baseline 0.009 -24"><span class='ocrx_word' id='word_1_48' title='bbox 550 1200 641 1262; x_wconf 88' lang='lat' dir='ltr'>Talia</span> <span class='ocrx_word' id='word_1_49' title='bbox 655 1199 834 1281; x_wconf 81' lang='lat' dir='ltr'>gerebantur</span> <span class='ocrx_word' id='word_1_50' title='bbox 848 1200 880 1260; x_wconf 90' lang='lat' dir='ltr'>in</span> <span class='ocrx_word' id='word_1_51' title='bbox 895 1199 965 1261; x_wconf 87' lang='lat' dir='ltr'>villa</span> <span class='ocrx_word' id='word_1_52' title='bbox 980 1200 1084 1283; x_wconf 83' lang='lat' dir='ltr'>regali,</span> <span class='ocrx_word' id='word_1_53' title='bbox 1100 1220 1169 1285; x_wconf 81' lang='lat' dir='ltr'>quae</span> <span class='ocrx_word' id='word_1_54' title='bbox 1179 1199 1295 1285; x_wconf 87' lang='lat' dir='ltr'>vulgari</span> <span class='ocrx_word' id='word_1_55' title='bbox 1311 1201 1425 1268; x_wconf 91' lang='lat' dir='ltr'>dicitur</span> <span class='ocrx_word' id='word_1_56' title='bbox 1439 1204 1535 1271; x_wconf 83' lang='lat' dir='ltr'>Easie·</span> 
     </span>
     <span class='ocr_line' id='line_1_9' title="bbox 505 1289 1563 1371; baseline -0.008 -21"><span class='ocrx_word' id='word_1_57' title='bbox 505 1289 570 1371; x_wconf 82' lang='lat' dir='ltr'>rige</span> <span class='ocrx_word' id='word_1_58' title='bbox 585 1289 839 1369; x_wconf 73' lang='lat' dir='ltr'>pronuntiatione.</span> <span class='ocrx_word' id='word_1_59' title='bbox 1128 1346 1133 1352; x_wconf 76' lang='grc'><strong>,</strong></span> <span class='ocrx_word' id='word_1_60' title='bbox 1562 1334 1563 1369; x_wconf 33' lang='lat'>4</span> 
     </span>
     <span class='ocr_line' id='line_1_10' title="bbox 447 1373 1563 1467; baseline 0.005 -27"><span class='ocrx_word' id='word_1_61' title='bbox 447 1426 456 1467; x_wconf 87' lang='lat'>.·</span> <span class='ocrx_word' id='word_1_62' title='bbox 552 1376 693 1439; x_wconf 81' lang='lat' dir='ltr'>Tandem</span> <span class='ocrx_word' id='word_1_63' title='bbox 706 1373 815 1437; x_wconf 83' lang='lat' dir='ltr'>salubri</span> <span class='ocrx_word' id='word_1_64' title='bbox 829 1387 947 1458; x_wconf 89' lang='lat' dir='ltr'>reperto</span> <span class='ocrx_word' id='word_1_65' title='bbox 961 1374 1093 1455; x_wconf 83' lang='lat' dir='ltr'>consiliu,</span> <span class='ocrx_word' id='word_1_66' title='bbox 1109 1392 1144 1439; x_wconf 90' lang='lat' dir='ltr'>ut</span> <span class='ocrx_word' id='word_1_67' title='bbox 1155 1377 1192 1437; x_wconf 93' lang='lat' dir='ltr'>ad</span> <span class='ocrx_word' id='word_1_68' title='bbox 1204 1375 1433 1451; x_wconf 78' lang='lat' dir='ltr'>famosissimum</span> <span class='ocrx_word' id='word_1_69' title='bbox 1446 1380 1535 1466; x_wconf 81' lang='lat' dir='ltr'>gesta·</span> <span class='ocrx_word' id='word_1_70' title='bbox 1562 1404 1563 1463; x_wconf 47' lang='grc' dir='ltr'><strong>ξ</strong></span> 
     </span>
     <span class='ocr_line' id='line_1_11' title="bbox 915 1500 928 1530; baseline 0 0"><span class='ocrx_word' id='word_1_71' title='bbox 915 1500 928 1530; x_wconf 84' lang='lat' dir='ltr'><em>C</em></span> 
     </span>
     <span class='ocr_line' id='line_1_12' title="bbox 447 1537 1239 1627; baseline 0.001 -10"><span class='ocrx_word' id='word_1_72' title='bbox 447 1567 462 1627; x_wconf 67' lang='lat' dir='ltr'>j</span> <span class='ocrx_word' id='word_1_73' title='bbox 506 1565 611 1618; x_wconf 88' lang='lat' dir='ltr'>rentur</span> <span class='ocrx_word' id='word_1_74' title='bbox 626 1537 836 1615; x_wconf 85' lang='lat' dir='ltr'>monasterium</span> <span class='ocrx_word' id='word_1_75' title='bbox 857 1550 1046 1615; x_wconf 87' lang='lat' dir='ltr'>Watrinense</span> <span class='ocrx_word' id='word_1_76' title='bbox 1063 1555 1239 1620; x_wconf 88' lang='lat' dir='ltr'>vocitatum.</span> 
     </span>
    </p>
   </div>
   <div class='ocr_carea' id='block_1_5' title="bbox 341 1659 1563 1810">
    <p class='ocr_par' dir='ltr' id='par_1_5' title="bbox 341 1659 1563 1810">
     <span class='ocr_line' id='line_1_13' title="bbox 555 1659 1563 1726; baseline -0.021 -16"><span class='ocrx_word' id='word_1_77' title='bbox 555 1663 747 1726; x_wconf 85' lang='lat' dir='ltr'>Eormenburga,</span> <span class='ocrx_word' id='word_1_78' title='bbox 763 1659 820 1707; x_wconf 81' lang='lat' dir='ltr'>alias</span> <span class='ocrx_word' id='word_1_79' title='bbox 832 1664 969 1709; x_wconf 83' lang='lat' dir='ltr'>Domneva.</span> <span class='ocrx_word' id='word_1_80' title='bbox 1562 1680 1563 1713; x_wconf 55' lang='lat'>3</span> 
     </span>
     <span class='ocr_line' id='line_1_14' title="bbox 341 1718 1563 1810; baseline -0.002 -17"><span class='ocrx_word' id='word_1_81' title='bbox 341 1743 470 1793; x_wconf 74' lang='lat' dir='ltr'>&#39;thanatos</span> <span class='ocrx_word' id='word_1_82' title='bbox 550 1732 581 1791; x_wconf 86' lang='lat' dir='ltr'>S.</span> <span class='ocrx_word' id='word_1_83' title='bbox 597 1728 703 1793; x_wconf 85' lang='lat' dir='ltr'>mulier</span> <span class='ocrx_word' id='word_1_84' title='bbox 718 1729 825 1795; x_wconf 88' lang='lat' dir='ltr'>humili</span> <span class='ocrx_word' id='word_1_85' title='bbox 835 1726 1023 1810; x_wconf 82' lang='lat' dir='ltr'>responsione</span> <span class='ocrx_word' id='word_1_86' title='bbox 1034 1726 1191 1803; x_wconf 83' lang='lat' dir='ltr'>subinfert,</span> <span class='ocrx_word' id='word_1_87' title='bbox 1214 1742 1249 1791; x_wconf 89' lang='lat' dir='ltr'>ut</span> <span class='ocrx_word' id='word_1_88' title='bbox 1264 1741 1380 1795; x_wconf 90' lang='lat' dir='ltr'>tantum</span> <span class='ocrx_word' id='word_1_89' title='bbox 1398 1747 1483 1793; x_wconf 80' lang='lat' dir='ltr'>terrae</span> <span class='ocrx_word' id='word_1_90' title='bbox 1496 1730 1534 1795; x_wconf 88' lang='lat' dir='ltr'>illi</span> <span class='ocrx_word' id='word_1_91' title='bbox 1562 1718 1563 1799; x_wconf 66' lang='lat' dir='ltr'>i</span> 
     </span>
    </p>
   </div>
   <div class='ocr_carea' id='block_1_6' title="bbox 340 1807 896 1922">
    <p class='ocr_par' dir='ltr' id='par_1_6' title="bbox 340 1807 896 1922">
     <span class='ocr_line' id='line_1_15' title="bbox 340 1807 896 1903; baseline 0.041 -38"><span class='ocrx_word' id='word_1_92' title='bbox 340 1807 417 1885; x_wconf 59' lang='lat' dir='ltr'>insul?</span> <span class='ocrx_word' id='word_1_93' title='bbox 425 1821 485 1871; x_wconf 84' lang='lat' dir='ltr'>pene</span> <span class='ocrx_word' id='word_1_94' title='bbox 521 1838 571 1902; x_wconf 80' lang='lat' dir='ltr'>sup.</span> <span class='ocrx_word' id='word_1_95' title='bbox 585 1841 726 1903; x_wconf 86' lang='lat' dir='ltr'>Ecgbcrtus,</span> <span class='ocrx_word' id='word_1_96' title='bbox 743 1855 785 1886; x_wconf 86' lang='lat' dir='ltr'>rex</span> <span class='ocrx_word' id='word_1_97' title='bbox 797 1840 896 1888; x_wconf 81' lang='lat' dir='ltr'>Cantiae.</span> 
     </span>
     <span class='ocr_line' id='line_1_16' title="bbox 340 1887 497 1922; baseline 0.019 -5"><span class='ocrx_word' id='word_1_98' title='bbox 340 1887 392 1922; x_wconf 84' lang='lat' dir='ltr'>tota</span> <span class='ocrx_word' id='word_1_99' title='bbox 403 1888 417 1920; x_wconf 84' lang='lat' dir='ltr'>a</span> <span class='ocrx_word' id='word_1_100' title='bbox 428 1888 497 1920; x_wconf 81' lang='lat' dir='ltr'>cerva</span> 
     </span>
    </p>
   </div>
   <div class='ocr_carea' id='block_1_7' title="bbox 337 1904 1563 2876">
    <p class='ocr_par' dir='ltr' id='par_1_7' title="bbox 337 1904 1563 2876">
     <span class='ocr_line' id='line_1_17' title="bbox 340 1904 1533 2003; baseline -0.001 -30"><span class='ocrx_word' id='word_1_101' title='bbox 340 1938 470 2003; x_wconf 76' lang='lat' dir='ltr'>circumgi-</span> <span class='ocrx_word' id='word_1_102' title='bbox 506 1907 688 1979; x_wconf 81' lang='lat' dir='ltr'>concederet,</span> <span class='ocrx_word' id='word_1_103' title='bbox 712 1923 857 1989; x_wconf 89' lang='lat' dir='ltr'>quantum</span> <span class='ocrx_word' id='word_1_104' title='bbox 874 1927 968 1981; x_wconf 86' lang='lat' dir='ltr'>cerva,</span> <span class='ocrx_word' id='word_1_105' title='bbox 993 1926 1083 1991; x_wconf 85' lang='lat' dir='ltr'>quam</span> <span class='ocrx_word' id='word_1_106' title='bbox 1100 1904 1154 1968; x_wconf 81' lang='lat' dir='ltr'>fibi</span> <span class='ocrx_word' id='word_1_107' title='bbox 1169 1905 1342 1983; x_wconf 85' lang='lat' dir='ltr'>nutriverat,</span> <span class='ocrx_word' id='word_1_108' title='bbox 1365 1908 1399 1970; x_wconf 91' lang='lat' dir='ltr'>in</span> <span class='ocrx_word' id='word_1_109' title='bbox 1416 1929 1475 1972; x_wconf 84' lang='lat' dir='ltr'>una</span> <span class='ocrx_word' id='word_1_110' title='bbox 1488 1908 1533 1973; x_wconf 90' lang='lat' dir='ltr'>die</span> 
     </span>
     <span class='ocr_line' id='line_1_18' title="bbox 340 1995 1027 2077; baseline 0.006 -25"><span class='ocrx_word' id='word_1_111' title='bbox 340 2014 399 2053; x_wconf 76' lang='lat' dir='ltr'>rata.</span> <span class='ocrx_word' id='word_1_112' title='bbox 506 1996 608 2058; x_wconf 85' lang='lat' dir='ltr'>divino</span> <span class='ocrx_word' id='word_1_113' title='bbox 622 1995 762 2058; x_wconf 75' lang='lat' dir='ltr'>instinctu</span> <span class='ocrx_word' id='word_1_114' title='bbox 774 1996 848 2075; x_wconf 90' lang='lat' dir='ltr'>pede</span> <span class='ocrx_word' id='word_1_115' title='bbox 864 2011 1027 2077; x_wconf 86' lang='lat' dir='ltr'>perageret.</span> 
     </span>
     <span class='ocr_line' id='line_1_19' title="bbox 552 2081 1532 2167; baseline 0.003 -23"><span class='ocrx_word' id='word_1_116' title='bbox 552 2087 704 2145; x_wconf 85' lang='lat' dir='ltr'>Continuo</span> <span class='ocrx_word' id='word_1_117' title='bbox 718 2081 874 2167; x_wconf 87' lang='lat' dir='ltr'>suscipitur</span> <span class='ocrx_word' id='word_1_118' title='bbox 892 2105 961 2147; x_wconf 90' lang='lat' dir='ltr'>cum</span> <span class='ocrx_word' id='word_1_119' title='bbox 977 2084 1065 2147; x_wconf 89' lang='lat' dir='ltr'>armis</span> <span class='ocrx_word' id='word_1_120' title='bbox 1079 2103 1220 2167; x_wconf 89' lang='lat' dir='ltr'>equoque</span> <span class='ocrx_word' id='word_1_121' title='bbox 1235 2084 1345 2145; x_wconf 81' lang='lat' dir='ltr'>Dunor</span> <span class='ocrx_word' id='word_1_122' title='bbox 1360 2103 1442 2147; x_wconf 87' lang='lat' dir='ltr'>novo</span> <span class='ocrx_word' id='word_1_123' title='bbox 1456 2098 1532 2147; x_wconf 79' lang='lat' dir='ltr'>terra</span> 
     </span>
     <span class='ocr_line' id='line_1_20' title="bbox 504 2172 600 2235; baseline 0.021 -2"><span class='ocrx_word' id='word_1_124' title='bbox 504 2172 600 2235; x_wconf 85' lang='lat' dir='ltr'>hiatu.</span> 
     </span>
     <span class='ocr_line' id='line_1_21' title="bbox 551 2256 1364 2346; baseline 0 -24"><span class='ocrx_word' id='word_1_125' title='bbox 551 2263 615 2346; x_wconf 83' lang='lat' dir='ltr'>Qi</span> <span class='ocrx_word' id='word_1_126' title='bbox 630 2259 713 2321; x_wconf 83' lang='lat' dir='ltr'>locus</span> <span class='ocrx_word' id='word_1_127' title='bbox 735 2256 751 2317; x_wconf 72' lang='grc' dir='ltr'>ὲ</span> <span class='ocrx_word' id='word_1_128' title='bbox 766 2256 984 2322; x_wconf 86' lang='lat' dir='ltr'>transeuntibus</span> <span class='ocrx_word' id='word_1_129' title='bbox 1000 2258 1213 2342; x_wconf 80' lang='lat' dir='ltr'>Dunerhleage</span> <span class='ocrx_word' id='word_1_130' title='bbox 1227 2274 1364 2321; x_wconf 86' lang='lat' dir='ltr'>vocatur.</span> 
     </span>
     <span class='ocr_line' id='line_1_22' title="bbox 342 2345 1563 2433; baseline 0.002 -25"><span class='ocrx_word' id='word_1_131' title='bbox 342 2361 487 2425; x_wconf 63' lang='lat' dir='ltr'>ortgrimo·</span> <span class='ocrx_word' id='word_1_132' title='bbox 551 2354 588 2411; x_wconf 87' lang='lat' dir='ltr'>In</span> <span class='ocrx_word' id='word_1_133' title='bbox 605 2350 659 2410; x_wconf 90' lang='lat' dir='ltr'>hac</span> <span class='ocrx_word' id='word_1_134' title='bbox 674 2345 767 2409; x_wconf 83' lang='lat' dir='ltr'>insula</span> <span class='ocrx_word' id='word_1_135' title='bbox 789 2348 938 2411; x_wconf 84' lang='lat' dir='ltr'>ecclefiam</span> <span class='ocrx_word' id='word_1_136' title='bbox 954 2348 1039 2409; x_wconf 84' lang='lat' dir='ltr'>almae</span> <span class='ocrx_word' id='word_1_137' title='bbox 1063 2347 1109 2409; x_wconf 92' lang='lat' dir='ltr'>dei</span> <span class='ocrx_word' id='word_1_138' title='bbox 1133 2348 1285 2431; x_wconf 84' lang='lat' dir='ltr'>genitricis</span> <span class='ocrx_word' id='word_1_139' title='bbox 1299 2350 1412 2424; x_wconf 85' lang='lat' dir='ltr'>Martae,</span> <span class='ocrx_word' id='word_1_140' title='bbox 1436 2370 1531 2433; x_wconf 86' lang='lat' dir='ltr'>perpe·</span> <span class='ocrx_word' id='word_1_141' title='bbox 1562 2416 1563 2419; x_wconf 8' lang='grc' dir='ltr'><strong>Ἴ</strong></span> 
     </span>
     <span class='ocr_line' id='line_1_23' title="bbox 340 2424 1529 2518; baseline 0.001 -22"><span class='ocrx_word' id='word_1_142' title='bbox 340 2424 473 2504; x_wconf 53' lang='lat' dir='ltr'>¹¹²st³f³³fl²</span> <span class='ocrx_word' id='word_1_143' title='bbox 508 2452 570 2498; x_wconf 86' lang='lat' dir='ltr'>tuae</span> <span class='ocrx_word' id='word_1_144' title='bbox 584 2438 716 2518; x_wconf 76' lang='lat' dir='ltr'>virgime,</span> <span class='ocrx_word' id='word_1_145' title='bbox 741 2437 771 2497; x_wconf 90' lang='lat' dir='ltr'>in</span> <span class='ocrx_word' id='word_1_146' title='bbox 787 2438 931 2498; x_wconf 85' lang='lat' dir='ltr'>memoria</span> <span class='ocrx_word' id='word_1_147' title='bbox 951 2436 1142 2498; x_wconf 84' lang='lat' dir='ltr'>innocentum</span> <span class='ocrx_word' id='word_1_148' title='bbox 1165 2434 1275 2497; x_wconf 84' lang='lat' dir='ltr'>Christi</span> <span class='ocrx_word' id='word_1_149' title='bbox 1291 2452 1460 2517; x_wconf 86' lang='lat' dir='ltr'>martyrum</span> <span class='ocrx_word' id='word_1_150' title='bbox 1475 2434 1529 2498; x_wconf 89' lang='lat' dir='ltr'>sra-</span> 
     </span>
     <span class='ocr_line' id='line_1_24' title="bbox 337 2495 1529 2613; baseline 0.001 -28"><span class='ocrx_word' id='word_1_151' title='bbox 337 2495 465 2613; x_wconf 50' lang='lat' dir='ltr'>qtffitgn</span> <span class='ocrx_word' id='word_1_152' title='bbox 507 2540 588 2587; x_wconf 90' lang='lat' dir='ltr'>trum</span> <span class='ocrx_word' id='word_1_153' title='bbox 603 2522 725 2586; x_wconf 89' lang='lat' dir='ltr'>suorum</span> <span class='ocrx_word' id='word_1_154' title='bbox 739 2522 904 2599; x_wconf 86' lang='lat' dir='ltr'>constituit,</span> <span class='ocrx_word' id='word_1_155' title='bbox 928 2523 1083 2608; x_wconf 88' lang='lat' dir='ltr'>filiamque</span> <span class='ocrx_word' id='word_1_156' title='bbox 1102 2522 1194 2597; x_wconf 89' lang='lat' dir='ltr'>suam,</span> <span class='ocrx_word' id='word_1_157' title='bbox 1218 2522 1304 2585; x_wconf 86' lang='lat' dir='ltr'>bonae</span> <span class='ocrx_word' id='word_1_158' title='bbox 1324 2525 1435 2587; x_wconf 85' lang='lat' dir='ltr'>indolis</span> <span class='ocrx_word' id='word_1_159' title='bbox 1449 2526 1529 2607; x_wconf 86' lang='lat' dir='ltr'>virgi·</span> 
     </span>
     <span class='ocr_line' id='line_1_25' title="bbox 377 2607 1529 2696; baseline -0.001 -21"><span class='ocrx_word' id='word_1_160' title='bbox 377 2607 379 2610; x_wconf 61' lang='grc'><strong>’</strong></span> <span class='ocrx_word' id='word_1_161' title='bbox 506 2633 586 2685; x_wconf 87' lang='lat' dir='ltr'>nem,</span> <span class='ocrx_word' id='word_1_162' title='bbox 619 2612 817 2693; x_wconf 83' lang='lat' dir='ltr'>Miidrytham</span> <span class='ocrx_word' id='word_1_163' title='bbox 843 2612 1032 2696; x_wconf 84' lang='lat' dir='ltr'>appellatam,</span> <span class='ocrx_word' id='word_1_164' title='bbox 1064 2609 1260 2674; x_wconf 86' lang='lat' dir='ltr'>ecclesiasticis</span> <span class='ocrx_word' id='word_1_165' title='bbox 1284 2612 1315 2672; x_wconf 89' lang='lat' dir='ltr'>in</span> <span class='ocrx_word' id='word_1_166' title='bbox 1344 2611 1529 2676; x_wconf 83' lang='lat' dir='ltr'>transmarinis</span> 
     </span>
     <span class='ocr_line' id='line_1_26' title="bbox 505 2698 1529 2784; baseline 0.002 -24"><span class='ocrx_word' id='word_1_167' title='bbox 505 2701 642 2783; x_wconf 82' lang='lat' dir='ltr'>partibus</span> <span class='ocrx_word' id='word_1_168' title='bbox 657 2698 816 2784; x_wconf 88' lang='lat' dir='ltr'>disciplinis</span> <span class='ocrx_word' id='word_1_169' title='bbox 831 2700 992 2776; x_wconf 88' lang='lat' dir='ltr'>eruditam,</span> <span class='ocrx_word' id='word_1_170' title='bbox 1016 2699 1204 2784; x_wconf 92' lang='lat' dir='ltr'>postmodum</span> <span class='ocrx_word' id='word_1_171' title='bbox 1228 2699 1269 2762; x_wconf 91' lang='lat' dir='ltr'>ibi</span> <span class='ocrx_word' id='word_1_172' title='bbox 1293 2700 1450 2764; x_wconf 89' lang='lat' dir='ltr'>constituit</span> <span class='ocrx_word' id='word_1_173' title='bbox 1468 2721 1529 2764; x_wconf 91' lang='lat' dir='ltr'>cum</span> 
     </span>
     <span class='ocr_line' id='line_1_27' title="bbox 506 2784 1563 2876; baseline 0 -25"><span class='ocrx_word' id='word_1_174' title='bbox 506 2785 690 2870; x_wconf 88' lang='lat' dir='ltr'>septuaginta</span> <span class='ocrx_word' id='word_1_175' title='bbox 698 2784 979 2863; x_wconf 71' lang='lat' dir='ltr'>sandiimonialibuS,</span> <span class='ocrx_word' id='word_1_176' title='bbox 994 2785 1123 2851; x_wconf 71' lang='lat' dir='ltr'>isandto</span> <span class='ocrx_word' id='word_1_177' title='bbox 1133 2785 1353 2876; x_wconf 85' lang='lat' dir='ltr'>archiepiscopo</span> <span class='ocrx_word' id='word_1_178' title='bbox 1363 2793 1447 2854; x_wconf 90' lang='lat' dir='ltr'>Deus</span> <span class='ocrx_word' id='word_1_179' title='bbox 1456 2791 1530 2854; x_wconf 87' lang='lat' dir='ltr'>dedit</span> <span class='ocrx_word' id='word_1_180' title='bbox 1562 2847 1563 2864; x_wconf 60' lang='grc'>,</span> 
     </span>
    </p>
   </div>
   <div class='ocr_carea' id='block_1_8' title="bbox 505 2873 1071 2967">
    <p class='ocr_par' dir='ltr' id='par_1_8' title="bbox 505 2873 1071 2967">
     <span class='ocr_line' id='line_1_28' title="bbox 505 2873 1071 2967; baseline 0.004 -30"><span class='ocrx_word' id='word_1_181' title='bbox 505 2873 692 2950; x_wconf 78' lang='lat' dir='ltr'>consecratis,</span> <span class='ocrx_word' id='word_1_182' title='bbox 716 2877 852 2967; x_wconf 85' lang='lat' dir='ltr'>inibique</span> <span class='ocrx_word' id='word_1_183' title='bbox 869 2877 1071 2960; x_wconf 82' lang='lat' dir='ltr'>congregavit.</span> 
     </span>
    </p>
   </div>
   <div class='ocr_carea' id='block_1_9' title="bbox 649 2989 1361 3075">
    <p class='ocr_par' dir='ltr' id='par_1_9' title="bbox 649 2989 1361 3075">
     <span class='ocr_line' id='line_1_29' title="bbox 649 2989 1361 3075; baseline 0.01 -25"><span class='ocrx_word' id='word_1_184' title='bbox 649 3061 652 3068; x_wconf 28' lang='grc' dir='ltr'>Ι</span> <span class='ocrx_word' id='word_1_185' title='bbox 681 2991 709 3050; x_wconf 81' lang='grc' dir='ltr'><em>Ε</em></span> <span class='ocrx_word' id='word_1_186' title='bbox 724 2989 896 3074; x_wconf 80' lang='lat' dir='ltr'>genealogia</span> <span class='ocrx_word' id='word_1_187' title='bbox 910 3013 1012 3075; x_wconf 82' lang='lat' dir='ltr'>regum</span> <span class='ocrx_word' id='word_1_188' title='bbox 1029 2989 1361 3058; x_wconf 81' lang='lat' dir='ltr'>Northonhumbrorrrm.</span> 
     </span>
    </p>
   </div>
   <div class='ocr_carea' id='block_1_10' title="bbox 504 3087 1563 3282">
    <p class='ocr_par' dir='ltr' id='par_1_10' title="bbox 504 3087 1563 3282">
     <span class='ocr_line' id='line_1_30' title="bbox 546 3087 1563 3186; baseline 0.005 -27"><span class='ocrx_word' id='word_1_189' title='bbox 546 3098 603 3161; x_wconf 89' lang='lat' dir='ltr'>Ida</span> <span class='ocrx_word' id='word_1_190' title='bbox 619 3119 672 3161; x_wconf 84' lang='lat' dir='ltr'>rex</span> <span class='ocrx_word' id='word_1_191' title='bbox 687 3101 770 3162; x_wconf 86' lang='lat' dir='ltr'>annis</span> <span class='ocrx_word' id='word_1_192' title='bbox 785 3102 919 3184; x_wconf 89' lang='lat' dir='ltr'>regnavit</span> <span class='ocrx_word' id='word_1_193' title='bbox 934 3101 1085 3165; x_wconf 88' lang='lat' dir='ltr'>undecim.</span> <span class='ocrx_word' id='word_1_194' title='bbox 1123 3099 1243 3185; x_wconf 87' lang='lat' dir='ltr'>Glappa</span> <span class='ocrx_word' id='word_1_195' title='bbox 1258 3122 1321 3164; x_wconf 89' lang='lat' dir='ltr'>uno</span> <span class='ocrx_word' id='word_1_196' title='bbox 1336 3103 1469 3186; x_wconf 89' lang='lat' dir='ltr'>regnavit</span> <span class='ocrx_word' id='word_1_197' title='bbox 1482 3123 1527 3164; x_wconf 88' lang='lat' dir='ltr'>an·</span> <span class='ocrx_word' id='word_1_198' title='bbox 1562 3087 1563 3136; x_wconf 50' lang='lat' dir='ltr'>s</span> 
     </span>
     <span class='ocr_line' id='line_1_31' title="bbox 504 3186 1526 3282; baseline 0.005 -33"><span class='ocrx_word' id='word_1_199' title='bbox 504 3207 556 3259; x_wconf 78' lang='lat' dir='ltr'>no,</span> <span class='ocrx_word' id='word_1_200' title='bbox 593 3188 683 3256; x_wconf 84' lang='lat' dir='ltr'>Adda</span> <span class='ocrx_word' id='word_1_201' title='bbox 697 3188 768 3251; x_wconf 82' lang='lat' dir='ltr'>octo</span> <span class='ocrx_word' id='word_1_202' title='bbox 781 3190 875 3253; x_wconf 88' lang='lat' dir='ltr'>annis.</span> <span class='ocrx_word' id='word_1_203' title='bbox 911 3188 1056 3252; x_wconf 87' lang='lat' dir='ltr'>AEthelric</span> <span class='ocrx_word' id='word_1_204' title='bbox 1070 3186 1182 3272; x_wconf 90' lang='lat' dir='ltr'>septem</span> <span class='ocrx_word' id='word_1_205' title='bbox 1197 3191 1291 3255; x_wconf 88' lang='lat' dir='ltr'>aunis.</span> <span class='ocrx_word' id='word_1_206' title='bbox 1327 3191 1526 3282; x_wconf 73' lang='lat' dir='ltr'>Theudoricus</span> 
     </span>
    </p>
   </div>
   <div class='ocr_carea' id='block_1_11' title="bbox 341 3313 1563 4498">
    <p class='ocr_par' dir='ltr' id='par_1_11' title="bbox 341 3313 1563 4498">
     <span class='ocr_line' id='line_1_32' title="bbox 779 3313 795 3345; baseline 0 0"><span class='ocrx_word' id='word_1_207' title='bbox 779 3313 795 3345; x_wconf 86' lang='lat' dir='ltr'>u</span> 
     </span>
     <span class='ocr_line' id='line_1_33' title="bbox 505 3353 1563 3452; baseline 0.006 -27"><span class='ocrx_word' id='word_1_208' title='bbox 505 3379 651 3448; x_wconf 86' lang='lat' dir='ltr'>quatuor.</span> <span class='ocrx_word' id='word_1_209' title='bbox 686 3364 848 3452; x_wconf 79' lang='lat' dir='ltr'>Fripupold</span> <span class='ocrx_word' id='word_1_210' title='bbox 864 3364 985 3450; x_wconf 88' lang='lat' dir='ltr'>septem.</span> <span class='ocrx_word' id='word_1_211' title='bbox 1023 3368 1113 3431; x_wconf 83' lang='lat' dir='ltr'>Huffa</span> <span class='ocrx_word' id='word_1_212' title='bbox 1129 3365 1249 3452; x_wconf 85' lang='lat' dir='ltr'>septem.</span> <span class='ocrx_word' id='word_1_213' title='bbox 1283 3368 1459 3445; x_wconf 83' lang='lat' dir='ltr'>Ethelfride,</span> <span class='ocrx_word' id='word_1_214' title='bbox 1475 3368 1527 3432; x_wconf 85' lang='lat' dir='ltr'>sor·</span> <span class='ocrx_word' id='word_1_215' title='bbox 1562 3353 1563 3362; x_wconf 10' lang='grc' dir='ltr'>ἵ</span> 
     </span>
     <span class='ocr_line' id='line_1_34' title="bbox 486 3453 1563 3537; baseline 0.001 -20"><span class='ocrx_word' id='word_1_216' title='bbox 486 3453 632 3523; x_wconf 80' lang='lat' dir='ltr'>&#39;tiffimus</span> <span class='ocrx_word' id='word_1_217' title='bbox 655 3473 770 3537; x_wconf 82' lang='lat' dir='ltr'>regum,</span> <span class='ocrx_word' id='word_1_218' title='bbox 794 3455 902 3537; x_wconf 86' lang='lat' dir='ltr'>viginti</span> <span class='ocrx_word' id='word_1_219' title='bbox 922 3457 952 3517; x_wconf 73' lang='lat' dir='ltr'>dc</span> <span class='ocrx_word' id='word_1_220' title='bbox 972 3453 1052 3518; x_wconf 68' lang='lat' dir='ltr'>odio.</span> <span class='ocrx_word' id='word_1_221' title='bbox 1102 3458 1279 3520; x_wconf 86' lang='lat' dir='ltr'>Eaduuinus</span> <span class='ocrx_word' id='word_1_222' title='bbox 1302 3459 1527 3523; x_wconf 80' lang='lat' dir='ltr'>Christianus&amp;</span> <span class='ocrx_word' id='word_1_223' title='bbox 1562 3531 1563 3536; x_wconf 8' lang='grc' dir='ltr'>η</span> 
     </span>
     <span class='ocr_line' id='line_1_35' title="bbox 506 3538 1526 3630; baseline 0.004 -28"><span class='ocrx_word' id='word_1_224' title='bbox 506 3558 621 3622; x_wconf 89' lang='lat' dir='ltr'>martyr</span> <span class='ocrx_word' id='word_1_225' title='bbox 633 3561 726 3606; x_wconf 84' lang='lat' dir='ltr'>xvtr.</span> <span class='ocrx_word' id='word_1_226' title='bbox 755 3538 911 3604; x_wconf 80' lang='lat' dir='ltr'>oswaldus</span> <span class='ocrx_word' id='word_1_227' title='bbox 923 3543 1182 3620; x_wconf 81' lang='lat' dir='ltr'>Christianissimue</span> <span class='ocrx_word' id='word_1_228' title='bbox 1199 3548 1230 3610; x_wconf 90' lang='lat'>8.</span> <span class='ocrx_word' id='word_1_229' title='bbox 1261 3544 1378 3611; x_wconf 76' lang='lat' dir='ltr'>Oswius</span> <span class='ocrx_word' id='word_1_230' title='bbox 1392 3547 1526 3630; x_wconf 75' lang='lat' dir='ltr'>viginti&amp;</span> 
     </span>
     <span class='ocr_line' id='line_1_36' title="bbox 509 3628 1526 3712; baseline 0.006 -25"><span class='ocrx_word' id='word_1_231' title='bbox 509 3632 541 3699; x_wconf 82' lang='lat'>8.</span> <span class='ocrx_word' id='word_1_232' title='bbox 589 3628 947 3712; x_wconf 83' lang='lat' dir='ltr'>Ecgsridusquindecim.</span> <span class='ocrx_word' id='word_1_233' title='bbox 992 3632 1130 3696; x_wconf 85' lang='lat' dir='ltr'>Alfridus</span> <span class='ocrx_word' id='word_1_234' title='bbox 1144 3632 1363 3700; x_wconf 85' lang='lat' dir='ltr'>novemdecim.</span> <span class='ocrx_word' id='word_1_235' title='bbox 1411 3633 1526 3697; x_wconf 90' lang='lat' dir='ltr'>Osredus</span> 
     </span>
     <span class='ocr_line' id='line_1_37' title="bbox 507 3715 1563 3792; baseline 0.01 -15"><span class='ocrx_word' id='word_1_236' title='bbox 507 3715 659 3777; x_wconf 85' lang='lat' dir='ltr'>undecim.</span> <span class='ocrx_word' id='word_1_237' title='bbox 701 3718 874 3781; x_wconf 89' lang='lat' dir='ltr'>Coenredus</span> <span class='ocrx_word' id='word_1_238' title='bbox 890 3717 1021 3785; x_wconf 84' lang='lat' dir='ltr'>duobus.</span> <span class='ocrx_word' id='word_1_239' title='bbox 1068 3719 1185 3788; x_wconf 86' lang='lat' dir='ltr'>Osricus</span> <span class='ocrx_word' id='word_1_240' title='bbox 1201 3723 1352 3787; x_wconf 87' lang='lat' dir='ltr'>undecim.</span> <span class='ocrx_word' id='word_1_241' title='bbox 1397 3722 1526 3792; x_wconf 85' lang='lat' dir='ltr'>Ceoiuul·</span> <span class='ocrx_word' id='word_1_242' title='bbox 1562 3749 1563 3788; x_wconf 79' lang='lat' dir='ltr'>t</span> 
     </span>
     <span class='ocr_line' id='line_1_38' title="bbox 508 3804 781 3888; baseline 0.008 -24"><span class='ocrx_word' id='word_1_243' title='bbox 508 3804 587 3888; x_wconf 86' lang='lat' dir='ltr'>phus</span> <span class='ocrx_word' id='word_1_244' title='bbox 601 3804 673 3865; x_wconf 72' lang='lat' dir='ltr'>odio</span> <span class='ocrx_word' id='word_1_245' title='bbox 687 3808 781 3869; x_wconf 87' lang='lat' dir='ltr'>annis.</span> 
     </span>
     <span class='ocr_line' id='line_1_39' title="bbox 341 3891 1529 3982; baseline 0.006 -29"><span class='ocrx_word' id='word_1_246' title='bbox 341 3903 488 3965; x_wconf 56' lang='lat' dir='ltr'>monastert-</span> <span class='ocrx_word' id='word_1_247' title='bbox 553 3891 690 3975; x_wconf 84' lang='lat' dir='ltr'>Ecgsridi</span> <span class='ocrx_word' id='word_1_248' title='bbox 710 3894 786 3975; x_wconf 83' lang='lat' dir='ltr'>regis</span> <span class='ocrx_word' id='word_1_249' title='bbox 808 3915 886 3962; x_wconf 89' lang='lat' dir='ltr'>anuo</span> <span class='ocrx_word' id='word_1_250' title='bbox 901 3911 1010 3978; x_wconf 91' lang='lat' dir='ltr'>quarto</span> <span class='ocrx_word' id='word_1_251' title='bbox 1022 3894 1226 3960; x_wconf 76' lang='lat' dir='ltr'>construdium</span> <span class='ocrx_word' id='word_1_252' title='bbox 1243 3896 1286 3960; x_wconf 88' lang='lat' dir='ltr'>est</span> <span class='ocrx_word' id='word_1_253' title='bbox 1308 3897 1463 3982; x_wconf 89' lang='lat' dir='ltr'>quoddam</span> <span class='ocrx_word' id='word_1_254' title='bbox 1481 3918 1529 3960; x_wconf 88' lang='lat' dir='ltr'>no·</span> 
     </span>
     <span class='ocr_line' id='line_1_40' title="bbox 342 3973 1040 4049; baseline 0.006 -5"><span class='ocrx_word' id='word_1_255' title='bbox 342 3989 388 4030; x_wconf 64' lang='lat'>⁰¹¹¹</span> <span class='ocrx_word' id='word_1_256' title='bbox 400 3973 471 4020; x_wconf 83' lang='lat' dir='ltr'>Petri.</span> <span class='ocrx_word' id='word_1_257' title='bbox 509 3982 570 4045; x_wconf 87' lang='lat' dir='ltr'>bile</span> <span class='ocrx_word' id='word_1_258' title='bbox 585 3980 795 4044; x_wconf 84' lang='lat' dir='ltr'>monasterium</span> <span class='ocrx_word' id='word_1_259' title='bbox 810 3984 841 4044; x_wconf 89' lang='lat' dir='ltr'>in</span> <span class='ocrx_word' id='word_1_260' title='bbox 856 3985 1040 4049; x_wconf 87' lang='lat' dir='ltr'>Wiremuth.</span> 
     </span>
     <span class='ocr_line' id='line_1_41' title="bbox 342 4061 1563 4158; baseline 0.003 -28"><span class='ocrx_word' id='word_1_261' title='bbox 342 4075 491 4153; x_wconf 68' lang='lat' dir='ltr'>Monasseri-</span> <span class='ocrx_word' id='word_1_262' title='bbox 555 4072 612 4132; x_wconf 86' lang='lat' dir='ltr'>Sed</span> <span class='ocrx_word' id='word_1_263' title='bbox 636 4072 666 4131; x_wconf 72' lang='grc' dir='ltr'>δε</span> <span class='ocrx_word' id='word_1_264' title='bbox 688 4070 770 4132; x_wconf 90' lang='lat' dir='ltr'>aliud</span> <span class='ocrx_word' id='word_1_265' title='bbox 785 4069 827 4134; x_wconf 92' lang='lat' dir='ltr'>est</span> <span class='ocrx_word' id='word_1_266' title='bbox 848 4073 1022 4138; x_wconf 86' lang='lat' dir='ltr'>coenobium</span> <span class='ocrx_word' id='word_1_267' title='bbox 1044 4071 1247 4140; x_wconf 72' lang='lat' dir='ltr'>construdium</span> <span class='ocrx_word' id='word_1_268' title='bbox 1270 4073 1301 4135; x_wconf 90' lang='lat' dir='ltr'>in</span> <span class='ocrx_word' id='word_1_269' title='bbox 1316 4073 1396 4151; x_wconf 90' lang='lat' dir='ltr'>loco,</span> <span class='ocrx_word' id='word_1_270' title='bbox 1420 4075 1472 4158; x_wconf 89' lang='lat' dir='ltr'>qui</span> <span class='ocrx_word' id='word_1_271' title='bbox 1490 4071 1529 4135; x_wconf 85' lang='lat' dir='ltr'>di-</span> <span class='ocrx_word' id='word_1_272' title='bbox 1562 4061 1563 4130; x_wconf 79' lang='lat' dir='ltr'>i</span> 
     </span>
     <span class='ocr_line' id='line_1_42' title="bbox 344 4141 1563 4240; baseline 0.005 -21"><span class='ocrx_word' id='word_1_273' title='bbox 344 4141 479 4206; x_wconf 43' lang='lat' dir='ltr'><strong>mmuh·</strong></span> <span class='ocrx_word' id='word_1_274' title='bbox 511 4158 590 4220; x_wconf 87' lang='lat' dir='ltr'>citur</span> <span class='ocrx_word' id='word_1_275' title='bbox 604 4160 647 4220; x_wconf 82' lang='lat' dir='ltr'>At</span> <span class='ocrx_word' id='word_1_276' title='bbox 661 4179 778 4240; x_wconf 87' lang='lat' dir='ltr'>gyrum.</span> <span class='ocrx_word' id='word_1_277' title='bbox 1344 4211 1349 4218; x_wconf 31' lang='grc' dir='ltr'><em>ι</em></span> <span class='ocrx_word' id='word_1_278' title='bbox 1562 4145 1563 4170; x_wconf 49' lang='lat'>¹</span> 
     </span>
     <span class='ocr_line' id='line_1_43' title="bbox 555 4245 1563 4332; baseline 0.004 -26"><span class='ocrx_word' id='word_1_279' title='bbox 555 4245 779 4323; x_wconf 87' lang='lat' dir='ltr'>Easteruuinus,</span> <span class='ocrx_word' id='word_1_280' title='bbox 802 4245 1073 4322; x_wconf 83' lang='lat' dir='ltr'>abbasmonasterii</span> <span class='ocrx_word' id='word_1_281' title='bbox 1089 4256 1120 4316; x_wconf 86' lang='lat' dir='ltr'>S.</span> <span class='ocrx_word' id='word_1_282' title='bbox 1137 4249 1227 4327; x_wconf 83' lang='lat' dir='ltr'>Petri,</span> <span class='ocrx_word' id='word_1_283' title='bbox 1251 4251 1392 4332; x_wconf 80' lang='lat' dir='ltr'>patruelis</span> <span class='ocrx_word' id='word_1_284' title='bbox 1406 4265 1466 4314; x_wconf 88' lang='lat' dir='ltr'>erat</span> <span class='ocrx_word' id='word_1_285' title='bbox 1481 4253 1528 4310; x_wconf 86' lang='lat' dir='ltr'>Be·</span> <span class='ocrx_word' id='word_1_286' title='bbox 1562 4291 1563 4294; x_wconf 19' lang='grc' dir='ltr'><strong>κ</strong></span> 
     </span>
     <span class='ocr_line' id='line_1_44' title="bbox 509 4333 760 4409; baseline 0.004 -13"><span class='ocrx_word' id='word_1_287' title='bbox 509 4333 621 4407; x_wconf 73' lang='lat' dir='ltr'>uedtttt</span> <span class='ocrx_word' id='word_1_288' title='bbox 635 4335 760 4409; x_wconf 78' lang='lat' dir='ltr'>abbatis,</span> 
     </span>
     <span class='ocr_line' id='line_1_45' title="bbox 777 4427 1086 4498; baseline 0.006 -12"><span class='ocrx_word' id='word_1_289' title='bbox 777 4441 780 4446; x_wconf 80' lang='grc'><strong>’</strong></span> <span class='ocrx_word' id='word_1_290' title='bbox 960 4427 1086 4498; x_wconf 85' lang='lat' dir='ltr'>Leland.</span> 
     </span>
    </p>
   </div>
   <div class='ocr_carea' id='block_1_12' title="bbox 551 4506 1525 4594">
    <p class='ocr_par' dir='ltr' id='par_1_12' title="bbox 551 4503 1563 4628">
     <span class='ocr_line' id='line_1_46' title="bbox 551 4506 1525 4594; baseline 0.005 -26"><span class='ocrx_word' id='word_1_291' title='bbox 551 4513 631 4594; x_wconf 77' lang='lat' dir='ltr'>Quae</span> <span class='ocrx_word' id='word_1_292' title='bbox 646 4506 756 4591; x_wconf 71' lang='lat' dir='ltr'>scripit</span> <span class='ocrx_word' id='word_1_293' title='bbox 769 4517 897 4592; x_wconf 82' lang='lat' dir='ltr'>Symeon</span> <span class='ocrx_word' id='word_1_294' title='bbox 908 4515 946 4574; x_wconf 88' lang='lat' dir='ltr'>de</span> <span class='ocrx_word' id='word_1_295' title='bbox 956 4517 1025 4578; x_wconf 86' lang='lat' dir='ltr'>vitis</span> <span class='ocrx_word' id='word_1_296' title='bbox 1038 4513 1201 4589; x_wconf 66' lang='lat' dir='ltr'>Benedidii,</span> <span class='ocrx_word' id='word_1_297' title='bbox 1211 4513 1368 4591; x_wconf 86' lang='lat' dir='ltr'>Ccolsridi,</span> <span class='ocrx_word' id='word_1_298' title='bbox 1379 4517 1408 4577; x_wconf 65' lang='grc' dir='ltr'>ἃ</span> <span class='ocrx_word' id='word_1_299' title='bbox 1421 4511 1525 4578; x_wconf 77' lang='lat' dir='ltr'>mner-</span> 
     </span>
    </p>
   </div>
   <div class='ocr_carea' id='block_1_13' title="bbox 289 4598 1525 4755">
    <p class='ocr_par' dir='ltr' id='par_1_13' title="bbox 289 4598 1525 4755">
     <span class='ocr_line' id='line_1_47' title="bbox 383 4598 1426 4695; baseline 0.006 -35"><span class='ocrx_word' id='word_1_300' title='bbox 383 4610 385 4619; x_wconf 82' lang='lat'>‘</span> <span class='ocrx_word' id='word_1_301' title='bbox 460 4602 602 4695; x_wconf 75' lang='lat' dir='ltr'>.·uuim,</span> <span class='ocrx_word' id='word_1_302' title='bbox 618 4616 758 4682; x_wconf 62' lang='lat' dir='ltr'>eucerpta</span> <span class='ocrx_word' id='word_1_303' title='bbox 770 4598 837 4663; x_wconf 84' lang='lat' dir='ltr'>sunt</span> <span class='ocrx_word' id='word_1_304' title='bbox 852 4600 868 4664; x_wconf 75' lang='grc' dir='ltr'>ἐ</span> <span class='ocrx_word' id='word_1_305' title='bbox 883 4603 973 4682; x_wconf 78' lang='lat' dir='ltr'>Beda,</span> <span class='ocrx_word' id='word_1_306' title='bbox 999 4605 1053 4690; x_wconf 86' lang='lat' dir='ltr'>qui</span> <span class='ocrx_word' id='word_1_307' title='bbox 1074 4604 1194 4666; x_wconf 78' lang='lat' dir='ltr'>illorum</span> <span class='ocrx_word' id='word_1_308' title='bbox 1211 4606 1286 4676; x_wconf 77' lang='lat' dir='ltr'>iiras</span> <span class='ocrx_word' id='word_1_309' title='bbox 1304 4602 1426 4690; x_wconf 84' lang='lat' dir='ltr'>scripfit.</span> 
     </span>
     <span class='ocr_line' id='line_1_48' title="bbox 289 4691 1525 4755; baseline 0 -7"><span class='ocrx_word' id='word_1_310' title='bbox 289 4707 298 4716; x_wconf 91' lang='lat'><strong>·</strong></span> <span class='ocrx_word' id='word_1_311' title='bbox 348 4694 350 4697; x_wconf 82' lang='grc'><strong>’</strong></span> <span class='ocrx_word' id='word_1_312' title='bbox 1017 4693 1020 4700; x_wconf 90' lang='grc'><strong>’</strong></span> <span class='ocrx_word' id='word_1_313' title='bbox 1367 4691 1368 4698; x_wconf 72' lang='grc'>’</span> <span class='ocrx_word' id='word_1_314' title='bbox 1408 4695 1525 4755; x_wconf 86' lang='lat' dir='ltr'>Mortuo</span> 
     </span>
    </p>
   </div>
   <div class='ocr_carea' id='block_1_14' title="bbox 0 0 1700 5300">
    <p class='ocr_par' dir='ltr' id='par_1_14' title="bbox 0 0 1700 5300">
     <span class='ocr_line' id='line_1_49' title="bbox 0 0 1700 5300; baseline 0 0"><span class='ocrx_word' id='word_1_315' title='bbox 0 0 1700 5300; x_wconf 95' lang='lat' dir='ltr'> </span> 
     </span>
    </p>
   </div>
  </div>
 </body>
</html>
