3392 5300
277 472 421 545 'rw
621 460 1397 558 ‘Joauursnnnaunr'
1497 511 1502 519 ·

485 609 565 671 aetati
582 605 709 671 &sexui
728 630 778 691 per
797 607 933 671 distinsla
955 608 1030 683 loca,
1050 610 1139 691 juxta
1155 606 1243 673 suum
1257 610 1367 693 cuique
1382 611 1519 687 modum,

487 712 503 743 ⁶
520 696 741 759 accommodos.
789 701 880 779 Aqua
893 699 986 771 enim,
1009 714 1044 760 ut
1070 702 1100 761 S.
1118 697 1243 761 Basrlius
1267 698 1350 772 dicit,
1374 696 1520 761 fervidam

487 787 665 870 qualitatem
680 786 795 868 recipit,
811 806 881 849 cum
891 806 943 867 per
958 801 1038 848 certa
1052 787 1188 867 quadam
1205 788 1323 848 metalla
1337 786 1521 864 transcurrit,

1207 896 1232 939 S.
1244 892 1335 939 Britan:

488 961 519 1023 dt
533 959 569 1021 fit
584 979 644 1021 non
667 956 763 1023 solum
784 958 887 1029 calida,
913 955 961 1019 sed
978 960 1007 1019 u
1021 957 1137 1022 ardeus.
1181 963 1259 1043 Qae
1276 963 1367 1021 etiam
1385 961 1520 1022 metallo·

486 1065 567 1122 rum,
590 1050 666 1121 aeris,
691 1045 769 1121 serti,
798 1048 925 1129 plumbi,
942 1048 972 1107 ὅτ
986 1048 1101 1129 argenti
1115 1044 1319 1110 estsoecunda.
1365 1051 1478 1134 Gignit
1493 1053 1521 1111 u

487 1152 624 1221 gagatem
639 1135 767 1220 lapidem
783 1136 947 1218 plurimum
967 1138 1188 1218 optimumque.

489 1309 492 1319 y
670 1226 676 1234 “
942 1238 1058 1321 mm.

485 1395 488 1411 ,
509 1390 511 1397 ,
531 1342 604 1401 Erat
618 1355 718 1402 autem
734 1338 946 1401 &civitatibus
957 1339 1113 1419 quondam
1128 1338 1311 1402 nobilissimis
1324 1356 1390 1403 xx.
1405 1341 1435 1401 Sc
1451 1340 1522 1403 osio

488 1426 632 1509 iusrguita,
659 1443 760 1508 praeter
782 1425 898 1489 castella
913 1428 1076 1505 innumera,
1099 1446 1169 1509 quae
1192 1429 1222 1489 ἃ
1245 1423 1306 1507 ipsa
1326 1428 1433 1503 muris,
1459 1445 1520 1489 tur·

488 1518 583 1591 ribus,
607 1516 712 1599 portis,
736 1535 769 1575 ac
795 1512 864 1575 seris
887 1529 971 1575 eraut
996 1514 1138 1577 inllrudla
1162 1503 1354 1589 firmiffimis3
1380 1516 1421 1590 aa,
1450 1519 1522 1599 quia

382 1594 386 1599 ’
489 1624 579 1687 prope
601 1599 655 1665 sub
676 1602 739 1685 ipso
754 1598 968 1685 septentrionali
989 1604 1098 1666 vertice
1113 1603 1218 1666 mundi
1235 1604 1325 1683 jacet,
1350 1602 1468 1667 lucidas
1486 1625 1521 1665 ae·

489 1688 560 1753 state
575 1691 677 1754 nostes
692 1692 794 1769 hahet.
1128 1733 1131 1748 .

526 1808 530 1814 ·
941 1775 1058 1841 Isidem.

533 1880 606 1943 Haee
619 1880 649 1940 in
665 1875 808 1962 ptaeseuti,
828 1877 917 1957 juxta
930 1874 1088 1939 numerum
1104 1876 1260 1953 librorum,
1277 1876 1390 1959 quibus
1410 1878 1464 1941 lex
1479 1879 1521 1940 di·
1569 1917 1570 1944 ;

489 1967 555 2029 uina
570 1965 674 2049 scripta
689 1965 741 2040 est,
764 1969 900 2049 quinque
915 1967 1051 2047 gentium
1075 1966 1197 2051 linguis,
1222 1986 1312 2027 unam
1333 1967 1522 2049 eandemque

491 2052 613 2118 summae
627 2057 766 2127 veritatis,
791 2054 911 2115 &verae
927 2052 1125 2128 sublimitatis,
1151 2051 1300 2115 scientiam
1315 2050 1477 2127 scrutatur,
1494 2057 1521 2115 u
1569 2115 1570 2150 ,

490 2143 659 2215 confitetur,
682 2143 853 2224 Anglorum
868 2141 1011 2213 videlicet,
1038 2143 1209 2214 Britonum‚
1227 2144 1399 2215 Scotorum,
1422 2143 1522 2203 Picio-

491 2251 569 2306 rum,
593 2233 825 2304 &Latinorum
850 2249 919 2311 quae
941 2228 1134 2291 meditatione
1152 2225 1365 2311 scripturarum
1381 2232 1521 2292 omnibus
1569 2207 1570 2288 l

417 2370 420 2377 .
491 2316 818 2383 estsadlacommunis.
865 2322 899 2379 ln
917 2320 1018 2399 primis
1033 2332 1132 2379 autem
1146 2314 1238 2379 insula
1263 2319 1400 2381 Britones
1416 2314 1519 2391 solum,
1569 2317 1570 2346 ¹

492 2405 632 2491 aquibus
649 2428 755 2469 nomen
767 2406 890 2489 accepit,
914 2405 1025 2469 incolas
1041 2406 1158 2478 habuit,
1181 2407 1234 2487 qui
1249 2406 1286 2467 de
1299 2406 1396 2467 tradlu
1412 2408 1521 2467 Armo
1569 2483 1570 2490 ἵ

490 2498 593 2559 ricano
625 2500 673 2575 (ut
696 2493 804 2573 fertur)
829 2495 1012 2573 Britanniam
1036 2494 1161 2567 advesli,
1185 2492 1320 2555 australes
1343 2494 1396 2555 fibi
1425 2502 1521 2575 partes
1569 2495 1570 2558 l

490 2583 569 2646 illius
580 2584 820 2645 vendicaverunt.
869 2586 990 2643 Etcum
1007 2582 1166 2665 plurimam
1182 2579 1281 2643 inlulae
1298 2599 1425 2664 partem,
1450 2583 1521 2644 inci·
1569 2583 1570 2596 ¹

490 2674 603 2756 pientes
627 2672 665 2732 ab
688 2671 797 2744 auslr0,
824 2671 1017 2752 possedilsent,
1041 2671 1179 2753 contigit,
1212 2687 1333 2754 gentem
1357 2671 1521 2745 Pistorum,

492 2761 530 2822 de
557 2759 677 2840 Scythia
702 2759 749 2838 (ut
774 2759 944 2839 perhibent)
970 2759 1068 2838 longis
1087 2757 1215 2819 navibus
1229 2780 1288 2821 non
1308 2760 1414 2820 multis
1431 2764 1522 2822 Ocea·

492 2867 566 2910 num
589 2845 759 2929 ingressam,
792 2848 1011 2927 circumagente
1033 2846 1106 2906 flatu
1135 2861 1302 2920 ventorum,
1337 2864 1424 2908 extra
1451 2847 1522 2907 lines

493 2938 591 3000 omnis
614 2936 772 2998 Britanniae
798 2933 970 2996 Hiberniam
995 2934 1164 3015 pervenisse,
1197 2934 1319 3018 ejusque
1344 2932 1520 3015 septentrio·

493 3023 573 3086 nales
599 3039 695 3108 partes
709 3021 834 3096 intrasse,
859 3039 960 3104 atque,
985 3023 1106 3084 inventa
1124 3023 1165 3083 ibi
1186 3043 1274 3104 gente
1291 3027 1453 3084 Scotorum
1471 3023 1522 3084 tbi

493 3134 617 3197 quoque
627 3113 655 3174 in
670 3111 804 3194 partibus
816 3111 896 3173 illius
907 3108 988 3172 sedes
1000 3110 1110 3193 petisse,
1126 3130 1181 3172 nec
1194 3111 1351 3194 impetrare
1362 3112 1501 3193 potuisse.

948 3215 1064 3278 ibidem.

537 3301 766 3388 Respondebam
781 3306 872 3378 Scoti,
898 3310 919 3338 “
934 3307 1005 3386 qnia
1025 3325 1086 3366 non
1101 3302 1205 3366 ambos
1221 3323 1271 3364 eos
1286 3319 1405 3384 caperet
1420 3302 1522 3379 insula,

496 3404 517 3432 “
533 3394 581 3458 sed
597 3393 757 3476 possumus,
773 3395 923 3476 inquiunt,
942 3391 1059 3454 salubre
1072 3392 1157 3453 vobis
1173 3393 1243 3453 dare
1258 3389 1426 3466 confilium,
1449 3394 1523 3478 quid

496 3491 518 3520 ‘⁴
533 3489 618 3567 agere
633 3483 763 3546 valeatis.
809 3484 956 3544 Novimus
978 3477 1102 3543 insulam
1116 3480 1171 3540 esse
1194 3481 1279 3541 aliam
1299 3497 1358 3539 non
1384 3480 1523 3562 proculi

495 3581 517 3610 ‘¹
534 3571 640 3647 nostra,
665 3589 769 3632 contra
784 3587 886 3632 ortum
908 3566 986 3642 solis,
1010 3588 1102 3650 quam
1118 3565 1190 3649 saepe
1205 3567 1400 3629 lucidioribus
1417 3571 1523 3632 diebus

497 3667 519 3696 ⁴‘
534 3660 660 3742 aspicere
675 3655 811 3722 solemus.
847 3661 932 3719 Hanc
947 3656 1032 3717 adire
1045 3655 1065 3716 st
1077 3656 1166 3716 vultis
1179 3656 1367 3728 habitabilem
1383 3659 1471 3719 vohis
1483 3655 1498 3718 s
1512 3690 1523 3702 -

497 3753 519 3784 ⁴‘
533 3767 598 3809 cere
614 3746 737 3819 italeti's3
761 3745 817 3820 vel,
841 3744 929 3826 siqui
950 3742 1107 3805 restiterint
1130 3743 1225 3819 vobis,
1248 3745 1335 3806 nobis
1358 3746 1524 3807 auxiliariis

496 3841 519 3872 ⁸‘
535 3834 685 3896 utimini.'’
728 3836 835 3915 Itaque
856 3849 986 3914 petentes
1004 3831 1187 3893 Britanniam
1212 3831 1297 3906 Pisli,
1321 3832 1457 3895 habitare
1472 3853 1524 3914 per

495 3920 737 4006 septentrionales
759 3917 860 3982 insulae
882 3937 978 4000 partes
997 3938 1165 4001 coeperunt.
1209 3922 1287 3982 Nam
1308 3917 1438 3984 austrina
1460 3923 1523 3984 Bri·

496 4027 579 4074 tones
593 4021 826 4091 occupauerant.¹
865 4011 1006 4090 Cumque
1021 4027 1129 4069 uxores
1144 4026 1202 4069 uon
1221 4008 1364 4069 hahentes
1379 4010 1457 4071 Pisli
1473 4031 1523 4091 pe·

496 4102 608 4162 tierunt
624 4101 640 4159 ὲ
657 4099 776 4170 Scottis,
801 4117 834 4158 ea
849 4094 943 4157 solum
958 4097 1130 4157 conditione
1145 4095 1215 4156 dare
1227 4093 1446 4171 consenserunt,
1471 4097 1524 4158 ubi

349 4205 405 4274 rag.
420 4211 474 4254 118.
495 4204 541 4250 tes
567 4187 678 4248 veniret
702 4188 732 4246 iu
757 4186 895 4256 dubium,
920 4186 1014 4265 magis
1041 4185 1078 4245 de
1100 4179 1228 4244 feminea
1252 4203 1356 4262 regum
1378 4183 1523 4267 prosapia,

347 4281 350 4294 '
495 4295 585 4358 quam
601 4275 638 4334 de
654 4270 821 4346 masculina,
845 4291 945 4352 regem
962 4270 1014 4332 sthi
1030 4271 1194 4354 eligereut3
1219 4273 1302 4352 quod
1324 4269 1418 4353 usque
1434 4273 1524 4335 hodie

495 4363 576 4444 apud
593 4360 691 4424 Pislos
712 4359 827 4422 constat
847 4359 902 4421 else
920 4355 1076 4424 servatum.
1122 4360 1305 4420 Procedente
1326 4376 1427 4422 autem
1450 4377 1522 4421 tem·

495 4469 568 4535 pore
591 4449 751 4524 Britannia,
776 4446 841 4532 post
865 4448 999 4509 Britones
1022 4447 1052 4506 St
1072 4445 1183 4524 Pisias,
1209 4450 1323 4524 tertiam
1348 4451 1524 4511 Scottorum

855 4629 859 4637 .
871 4606 886 4641 a
904 4588 1078 4644 Acoommotlas
1090 4588 1151 4639 MS.
1427 4657 1434 4670 ι

636 4696 640 4701 -
671 4679 689 4741 7
1373 4671 1525 4720 nationem
