3392 5300
327 411 431 570 33'
645 436 1325 558 Jounntsnnbnnnt

469 602 568 695 pollen
584 605 720 672 Suaun'm
734 602 997 670 immisericordem
1010 605 1214 671 reddiderunt.

810 715 836 766 iu
847 716 963 781 Wigornt
979 715 1110 778 provincia.

511 784 685 868 Pugnatum
710 784 801 868 apud<
818 783 969 850 sceorstan
988 782 1067 846 inter
1090 782 1289 850 Edmundum
1311 779 1442 848 Irenfide
1461 783 1493 849 de

468 872 611 938 samum.
943 933 947 937 .

513 964 604 1024 Anno
618 962 659 1021 D.
680 981 773 1039 1077.
789 957 901 1024 Paulus
912 959 1075 1023 monachus
1088 959 1290 1034 Cadomensns.
1305 980 1399 1043 nepos
1413 963 1489 1032 Lan·

469 1044 572 1122 franci,
597 1065 712 1110 creatus
733 1048 774 1112 ell
792 1048 886 1110 abbas
901 1053 932 1112 S.
948 1049 1057 1112 Albani
1077 1068 1131 1128 per
1144 1045 1251 1130 ipsum,
1274 1049 1304 1113 81
1320 1064 1404 1112 totus
1417 1049 1491 1112 ordo

468 1134 643 1198 monasticus
659 1138 690 1199 in
704 1136 815 1221 Anglia
826 1134 958 1200 refloruit
971 1135 1166 1216 coadjuvante
1181 1133 1360 1200 Lansraueo.

126 1203 127 1208 ’
244 1225 248 1230 “
306 1224 433 1292 Remigius
511 1223 602 1284 Anno
617 1228 658 1285 D.
680 1229 771 1306 1085.
797 1224 946 1288 Suadente
963 1224 1111 1306 Remigio,
1127 1220 1266 1305 episcopo
1279 1222 1488 1298 Dormitum,

305 1289 434 1358 episcopus.
469 1312 532 1393 qui.
537 1313 618 1394 prius
633 1309 692 1373 fuit
707 1311 869 1374 monachus
883 1311 920 1374 de
940 1309 1088 1393 Felcamp,
1110 1311 1184 1373 Gul:
1200 1314 1330 1396 Magnus
1354 1310 1490 1376 fundavit

467 1399 617 1462 abbatiam
633 1401 669 1461 de
684 1401 779 1462 Bello.

511 1488 559 1550 Ex
573 1487 698 1550 Matildu
712 1488 820 1552 liberos
836 1487 934 1570 plures
945 1483 1082 1577 suscepit,
1099 1485 1277 1563 Robettnm,
1293 1486 1489 1564 Richardum,

467 1573 667 1650 Gulielmum,
689 1573 718 1638 dt
735 1578 908 1641 Henricum.
936 1639 938 1643 ,
1367 1612 1399 1662 ey

509 1663 599 1734 Anno
611 1666 652 1728 D.
671 1683 766 1748 1094.
781 1663 859 1728 obiit
871 1663 1022 1738 idwinus,
1044 1658 1190 1725 fundator
1204 1663 1424 1733 Bermundessu

1010 1784 1016 1821 τ
1062 1769 1180 1822 notbus.
1306 1815 1309 1819 .

318 1848 375 1914 1¹22.
388 1865 443 1912 ³⁴⁷·
507 1838 597 1902 Anno
620 1843 661 1904 D.
690 1855 783 1904 1020.
807 1839 976 1904 Gulielmus
998 1839 1029 1903 dt
1049 1839 1224 1914 Ricardus„
1240 1837 1296 1902 filii
1317 1839 1442 1906 Hemici
1459 1857 1486 1903 1.

464 1923 619 2012 naufragio
636 1931 795 2009 perierunt.
1339 1947 1345 1984 ἲ

505 2019 597 2082 Auno
608 2020 649 2083 D.
670 2034 763 2083 1121.
785 2017 932 2082 Henricus
942 2015 1058 2098 primus
1073 2014 1304 2085 Londiuiduxit
1315 2016 1348 2078 iu
1361 2034 1487 2081 uxorem

601 2167 604 2172 ,
840 2137 848 2171 l

461 2187 651 2262 Atheliciam‚
674 2185 950 2254 comitiaLovauiae
964 2191 1068 2256 filiam.
1166 2238 1173 2256 .
1296 2215 1303 2230 ·

439 2311 443 2318 ·
469 2327 476 2336 ,
507 2281 598 2351 Anno
613 2281 653 2341 D.
674 2275 767 2360 1165.
790 2280 891 2361 regina
905 2279 1057 2356 Alienora,
1079 2302 1158 2346 uxor
1176 2283 1296 2346 Hentici
1313 2278 1354 2346 πὶ.
1374 2280 1488 2366 peperit

317 2399 321 2406 ·
452 2363 566 2439 liliam,
578 2387 670 2448 quam
682 2368 798 2430 uocauit
812 2370 968 2446 Joaunam,
981 2367 1142 2453 postquam
1150 2369 1265 2454 peperit
1276 2369 1384 2447 filium,
1397 2391 1487 2456 quem

378 2463 382 2474 '
454 2453 578 2530 'vocavit
593 2455 778 2536 Philippum.
854 2491 857 2494 ⁴

504 2544 598 2604 Anno
613 2545 653 2605 D.
673 2539 767 2604 1166.
787 2542 889 2621 regino
903 2543 1045 2606 Alieuota
1059 2545 1173 2626 peperit
1187 2549 1344 2624 Joannem.

503 2633 596 2693 Anno
616 2633 656 2693 D.
685 2631 779 2693 1168.
811 2632 957 2696 Henricua
981 2633 1107 2695 adhaesit
1129 2633 1289 2698 Fredetico
1314 2632 1486 2717 impetatori

461 2732 565 2877 {entra
593 2717 801 2781 Alexandrum
835 2739 955 2803 papam,
988 2720 1043 2804 qui
1076 2721 1209 2785 Thomae
1234 2726 1378 2787 Cautum:
1404 2723 1487 2789 exuli

492 2804 588 2867 vebat.

397 2891 448 2958 ὕ*
506 2894 544 2953 Et
559 2890 629 2954 fecit
643 2913 694 2956 rex
703 2892 837 2975 abjurare
851 2894 883 2957 in
893 2895 1001 2979 Anglia
1015 2896 1216 2961 obedientiam
1228 2918 1314 2983 papae
1323 2898 1487 2963 Alexandri

460 2975 477 3039 l
492 3000 587 3063 puero
601 2980 741 3043 duodeno
760 2982 797 3043 ad
816 2982 967 3045 homiuem
983 2980 1090 3047 senem.

503 3073 594 3131 Anno
608 3072 649 3131 D.
681 3086 774 3153 1173.
798 3069 981 3145 Gulietmus,
1002 3073 1096 3135 abbas
1110 3072 1240 3157 Radingz
1264 3074 1430 3157 assumptus
1444 3072 1485 3137 est

460 3155 767 3305 lusarchiepiscopum
792 3156 1049 3243 Burgedalensem,
1080 3162 1129 3223 cui
1154 3160 1285 3226 succeffit
1311 3164 1342 3225 iu
1367 3163 1485 3227 abbatia

461 3246 526 3319 Joe
550 3245 580 3307 h.
636 3261 638 3265 ·
907 3311 909 3315 Α
977 3279 981 3287 ’

504 3266 593 3395 nino
608 3336 649 3395 D.
671 3337 763 3413 1176.
786 3338 912 3415 Joauna,
935 3332 995 3397 lilia
1009 3337 1131 3401 Heurici
1145 3341 1223 3422 regis
1241 3336 1370 3413 secundi,
1386 3336 1485 3422 nupsit

461 3421 522 3502 tegi
541 3422 658 3483 Siciliae.

504 3511 611 3585 Junior
628 3510 688 3571 filia
706 3511 782 3591 regis
797 3508 896 3591 nupsit
910 3509 973 3593 regi
989 3512 1119 3593 Apuliae.

504 3600 612 3659 Comes
638 3600 807 3660 Gulielmus
831 3598 869 3659 de
884 3598 1021 3661 Aruudel
1041 3598 1175 3682 sepultus
1193 3600 1234 3665 esi
1248 3602 1330 3686 apud
1343 3602 1483 3665 Wimuu·

459 3682 590 3745 deslmm.

339 3784 410 3837 Luci.
505 3775 706 3852 Aun01178.
729 3772 896 3837 Richardus
918 3774 996 3837 Luci
1016 3772 1195 3855 justiciarius
1214 3777 1332 3861 Angliae
1347 3776 1485 3843 fundavit

296 3845 339 3915 {²5
352 3849 436 3917 u...]
1351 3882 1451 3930 sumu.
1570 3885 1571 3892 Ν

296 3958 404 4010 ulmae.
460 3943 683 4007 conventualem
699 3943 850 4010 ecelesiam
871 3945 1032 4011 inhonore
1047 3946 1182 4011 Thomae
1200 3950 1281 4033 apud
1294 3947 1483 4013 Wellwoode

461 4037 491 4096 in
511 4035 660 4095 territmio
676 4031 808 4096 nolensi.
927 4060 932 4069 ·

326 4188 330 4193 ,
502 4126 593 4183 Anno
613 4124 706 4203 1185.
731 4120 898 4194 Heraclius,
922 4119 1088 4202 patriarcha
1103 4121 1323 4205 Hierosolymit:
1338 4126 1368 4186 8<
1384 4128 1482 4207 Roge·
1570 4185 1571 4198 ,

336 4222 339 4228 ’
457 4229 519 4283 rua,
538 4207 671 4291 magister
687 4206 858 4290 Hospitalis,
872 4225 1017 4271 venerunt
1031 4210 1068 4271 ad
1087 4213 1218 4296 Rading,
1242 4214 1272 4274 dc
1286 4213 1415 4275 Henrico
1431 4210 1481 4275 2⁰.

459 4296 774 4379 obtulerunttegnum
792 4294 1011 4379 Hierosolymit:

502 4382 618 4447 Eodem
633 4404 711 4447 anno
725 4400 929 4457 terrae-motus
943 4404 1069 4468 magnus
1084 4386 1168 4467 apud
1184 4386 1320 4451 Lincoln:

502 4476 592 4535 Anno
616 4475 657 4535 D.
683 4473 780 4542 1186.
811 4469 985 4545 Galstedus,
1009 4474 1131 4535 Hemici
1152 4471 1193 4537 21.
1218 4474 1308 4549 filius,
1331 4474 1360 4537 ἃ
1384 4494 1483 4537 comes
1570 4517 1571 4520 ,

460 4559 630 4633 Britanniae,
640 4559 729 4706 6obiit
756 4578 807 4640 14.
833 4559 899 4623 Cal:
922 4560 1091 4644 septembr:
1111 4559 1285 4647 &sepultus
1300 4559 1342 4625 est
1356 4560 1484 4663 Purifiiis

1368 4700 1371 4707 .
1450 4668 1484 4710 m
