3392 5300
349 457 423 568 {a

596 434 1352 550 -Jornarsrarraot

499 605 610 677 testatis
632 607 731 669 virum
745 582 872 669 A'eitium
896 620 937 665 ter
952 600 1104 679 consulem
1120 620 1172 685 23.
1197 604 1363 667 Theodosii
1386 606 1526 689 principis

501 719 590 773 anno,
615 713 716 777 peteus
743 695 899 765 auxilium,
923 698 1006 752 nee'r²
1026 692 1160 771 imperat.
1206 696 1321 755 Interea
1343 691 1442 761 fames
1470 698 1526 757 dira

495 777 693 849 ‘aeramenti
721 778 864 865 profugos
889 777 1014 850 infestat,
1039 799 1099 861 qua
1123 778 1216 841 coasli
1242 782 1364 863 quidam
1393 781 1525 845 hostibus

494 870 611 937 'dedere
627 889 740 933 manus.
788 867 847 929 Alii
862 866 897 926 de
913 868 1075 939 montibus,
1099 863 1251 949 spelunciS,
1274 888 1307 937 ac
1323 866 1448 931 saltibus
1464 870 1525 933 slte-

494 957 564 1026 ‘nue
586 958 802 1041 repugnabant,
826 976 860 1015 ac
883 952 998 1035 strages·
1008 952 1141 1017 hostibus
1155 955 1274 1016 dabant.
1321 958 1524 1029 Revertunttu

494 1042 585 1119 ¹Seoti
597 1048 733 1118 domum,
758 1038 822 1126 post
833 1042 1037 1117 nonmultum
1056 1057 1171 1123 tempus
1186 1038 1338 1105 reversuri.
1386 1044 1466 1106 Picti
1482 1068 1524 1107 ex·

495 1128 631 1199 'tremam
647 1131 749 1196 insulae
767 1146 879 1212 partem
901 1145 962 1189 tum
978 1131 1109 1211 primum
1130 1130 1311 1211 &deinceps
1331 1132 1523 1194 inhabitaturi

504 1224 650 1287 detinent.
685 1223 808 1281 Famem
823 1200 975 1298 prifatant
989 1238 1066 1300 mag.
1078 1214 1200 1299 frugum
1215 1221 1379 1300 opulentia,
1406 1220 1523 1302 opulen-

449 1317 456 1336 '
503 1316 576 1375 tiam
590 1308 751 1371 luxuria&
769 1306 962 1387 neglegentia,
980 1306 1194 1389 neglegentiam
1208 1307 1271 1367 lues
1283 1324 1374 1367 acerr:
1394 1309 1425 1367 8<
1439 1312 1523 1369 aerior

504 1418 578 1463 mox
592 1390 719 1458 hostium
740 1412 894 1461 novorum,
918 1393 948 1453 id
972 1392 1023 1467 etl,
1048 1392 1224 1475 Anglorum,
1249 1394 1334 1476 plaga
1359 1392 1460 1457 secuta
1478 1393 1522 1469 esl,

505 1505 583 1569 quos
599 1483 640 1544 illi
656 1483 790 1543 unanimi
811 1480 1015 1541 consiliorum
1031 1500 1098 1563 rege
1112 1476 1164 1541 suo
1175 1484 1358 1564 Vertegetno
1372 1482 1459 1565 quast
1478 1485 1522 1543 de·

505 1570 632 1635 seniores
648 1572 748 1653 patria
763 1568 800 1629 ad
817 1566 844 1628 se
860 1568 1025 1629 invitandos
1043 1570 1216 1651 elegerunt;
1241 1566 1289 1631 sed
1303 1564 1446 1655 exceptos
1460 1590 1524 1633 mox

507 1659 732 1743 impugnatores
747 1671 836 1737 atque
851 1670 1070 1737 expugnatores
1085 1654 1243 1721 senserunt.

724 1748 878 1825 Tempore
899 1742 1087 1836 Martianig&
1104 1744 1308 1809 Valentiniani.

550 1836 632 1895 Gens
653 1832 821 1915 Anglorum
850 1831 907 1891 five
933 1834 1084 1893 Saxonum
1108 1830 1290 1894 Britanniam
1315 1832 1414 1897 tribus
1436 1833 1521 1919 longis

507 1922 631 1985 navibus
653 1921 819 1993 advehitur,
843 1918 1040 2000 quibusdum
1059 1920 1115 1981 iter
1136 1917 1337 2001 prosperatum
1354 1923 1439 1984 domi
1454 1922 1521 1985 fama
1556 1914 1557 1921 ἵ

441 2088 449 2095 ι
505 2008 635 2080 reserret,
667 2008 795 2068 mittitur
821 2007 967 2067 exercitus
993 2005 1107 2079 fortior,
1141 2008 1194 2089 qui
1216 2008 1342 2087 junslus
1368 2009 1520 2088 prioribus,

507 2097 607 2180 primo
631 2085 737 2167 hostes,
762 2116 840 2176 quos
863 2095 988 2175 petebat,
1012 2094 1132 2175 abegit;
1157 2095 1263 2157 deinde
1279 2098 1308 2159 in
1334 2095 1427 2159 socios
1448 2119 1519 2159 arma
1556 2110 1557 2119 ¹

505 2198 628 2257 vertens,
653 2196 746 2243 totam
772 2203 865 2263 prope
887 2178 1008 2243 insulam
1029 2182 1066 2243 ab
1087 2182 1220 2243 orientali
1242 2184 1305 2263 ejus
1326 2204 1414 2267 paga
1437 2183 1519 2267 usque

507 2273 545 2335 ad
569 2270 780 2335 occidentalem
808 2269 871 2352 igni
896 2270 941 2329 vel
967 2267 1032 2330 ense
1058 2266 1181 2351 subegit,
1213 2271 1340 2332 consista
1366 2274 1517 2346 occasione,

507 2358 591 2442 quod
617 2380 671 2441 pro
693 2356 721 2419 se
743 2358 935 2420 militantibus
951 2359 1087 2419 Britoncs
1114 2362 1212 2419 minus
1227 2356 1404 2423 sufficienter
1423 2362 1518 2444 slipen·

509 2452 560 2509 dia
576 2447 691 2509 darent.

506 2601 508 2604 ,
553 2534 675 2597 Haeresrs
691 2530 847 2614 Pelagiana
863 2534 1069 2593 Britannorum
1090 2532 1189 2597 turbat
1205 2532 1305 2609 iidem,
1330 2536 1384 2615 qui
1407 2535 1518 2597 alGalli·

508 2624 590 2684 canis
605 2617 746 2704 episcopis
761 2620 870 2682 auxilia
885 2638 1057 2702 quarentes,
1080 2627 1273 2697 Germanum,
1295 2623 1518 2686 Altiliodotenss

508 2709 637 2774 ecclesrae
659 2705 838 2788 episcopum,
863 2711 1028 2789 &Lupum
1047 2706 1243 2772 Trecasenum
1265 2732 1349 2794 aeque
1364 2712 1517 2794 apostolica

508 2800 610 2880 grariae
633 2794 803 2870 antistitem,
838 2795 906 2857 fidei
930 2794 1104 2872 defensores,
1138 2801 1295 2879 accipiunt.
1344 2801 1516 2862 Confirmant

508 2882 651 2946 antistites
665 2882 754 2944 fidem
777 2884 869 2944 verbo
891 2887 1020 2946 veritatis
1045 2885 1128 2946 simul
1153 2887 1410 2950 &miraculorum
1431 2887 1516 2972 fignis.

363 2976 422 3047 Peg.
436 2992 489 3040 rra·
509 2973 569 3039 Sed
594 2973 623 3032 u
639 2971 750 3032 bellum
774 2973 925 3034 Saxonum
949 2972 1162 3055 Piclorumque
1182 2973 1318 3036 'adversus
1343 2979 1517 3038 Britonesee

502 3077 644 3142 tempore
664 3058 776 3138 juneiis
791 3060 903 3120 viribus
926 3055 1091 3140 susceptum
1115 3061 1211 3122 divina
1227 3063 1335 3123 virtute
1358 3065 1516 3125 retundunt.

511 3153 589 3213 Cum
615 3152 783 3208 Germanus
803 3147 863 3228 ipse
890 3149 953 3210 dux
978 3149 1049 3209 belli
1073 3145 1182 3221 insius,
1205 3169 1265 3210 non
1290 3150 1369 3210 tubae
1395 3151 1518 3234 clangore

511 3234 524 3283 i
544 3236 658 3296 alleuiae
671 3234 762 3295 totius
771 3237 917 3300 exercitus
929 3255 1000 3298 voce
1012 3237 1049 3298 ad
1061 3235 1152 3300 sidera
1161 3237 1266 3312 levato,
1281 3237 1378 3300 hostes
1390 3241 1420 3300 iu
1431 3238 1519 3322 sugant
1555 3255 1556 3328 l

513 3339 602 3388 vetttt
617 3342 768 3384 immanes
1555 3337 1556 3356 ¹

864 3413 1017 3492 Tempore
1040 3413 1176 3476 Zenonis.

500 3559 504 3567 ,
558 3498 705 3570 Britones,
730 3495 806 3558 duee
820 3498 979 3560 Ambrofio
994 3502 1164 3574 Aureliano,
1181 3501 1245 3562 viro
1260 3501 1404 3576 modesto,
1421 3505 1471 3588 qui
1485 3493 1519 3564 so

513 3586 561 3650 lus
576 3585 652 3646 sorte
664 3589 720 3646 llo,
736 3587 832 3666 gentis
844 3577 1000 3646 'Saxonum
1016 3587 1090 3648 caedi
1106 3585 1299 3668 superfuerat,
1322 3591 1426 3652 occisis
1440 3595 1468 3654 in
1482 3611 1519 3652 ea·
1555 3621 1556 3646 t

513 3675 582 3734 dem
609 3673 778 3754 parentibus
804 3693 936 3752 purpura
957 3675 1081 3748 intimis,
1111 3674 1260 3738 timitem
1289 3698 1395 3740 eorum
1419 3696 1520 3762 gentem

459 3817 462 3822 .
516 3775 709 3843 provocantes
724 3760 760 3819 ad
774 3760 922 3837 proelium,
944 3764 1073 3844 vineunt,
1090 3765 1119 3824 Bc
1134 3783 1171 3824 ex
1186 3784 1221 3824 eo
1237 3780 1371 3846 tempore
1386 3787 1464 3828 nunc
1476 3761 1521 3836 hii,

516 3865 597 3909 nunc
620 3846 662 3908 illi
677 3847 804 3927 palmam
821 3847 962 3920 habuere,
986 3852 1079 3912 donec
1101 3851 1211 3914 advena
1227 3855 1376 3934 potentior
1398 3869 1457 3916 tota
1479 3870 1522 3936 pet

517 3935 641 4020 longum
656 3936 802 4016 potiretur
817 3931 921 3998 insula.

815 4027 967 4105 Tempore
982 4026 1116 4089 Mauritii
1136 4026 1257 4108 imper.¹
1345 4098 1353 4112 ‚

562 4108 656 4183 Idem,
681 4109 768 4170 missis
780 4112 960 4172 Britanniam
976 4113 1094 4187 Melita,
1117 4114 1296 4197 Augustino,
1320 4119 1350 4178 &
1366 4115 1522 4196 Joanne,&

519 4195 582 4259 aliis
598 4197 729 4276 pluribus
744 4219 812 4259 eum
833 4200 874 4259 eis
890 4203 1053 4275 monachis,
1079 4204 1253 4266 timentibus
1276 4206 1376 4282 deum,
1400 4207 1436 4268 ad
1451 4204 1522 4266 Chri·

519 4282 596 4345 ilum
628 4283 741 4368 Anglos
763 4289 920 4350 convertit.
964 4292 1005 4350 Et
1030 4289 1151 4370 quidem
1178 4292 1371 4354 Ethelbertus
1400 4286 1522 4356 moxad
1554 4333 1555 4372 y

513 4367 628 4429 ‘Christi
643 4373 767 4451 gratiam
781 4370 934 4434 conversus
947 4396 1015 4437 cum
1030 4393 1120 4458 geute
1135 4381 1375 4455 Cantuariorum,
1399 4382 1447 4444 cui
1464 4396 1521 4463 pra·
1554 4379 1555 4442 ξ

518 4472 591 4532 erat,
615 4458 814 4543 proximisque
837 4463 1006 4542 provinciis,
1030 4465 1117 4527 etiam
1137 4463 1306 4552 episcopum
1326 4468 1523 4550 douoremque
1554 4483 1555 4558 J

812 4597 827 4629 ι
843 4585 958 4646 Impetrat
968 4584 1000 4634 al.
1050 4565 1082 4633 ‘b
1099 4583 1248 4646 Aitelnta‘at.
1296 4569 1300 4576 .
1554 4597 1555 4642 l

966 4677 969 4682 ·
1432 4653 1525 4720 'suun
1554 4647 1555 4697 i
