3392 5300
325 412 390 499 ,p
645 397 1406 486 Jonnnrrsnunnrrnr.¹

518 540 569 613 Et,
584 553 652 621 quae
668 531 834 617 Stephanus
848 527 999 615 presbyter
1010 526 1048 590 de
1063 528 1204 625 Wilsrido
1216 551 1326 618 magno
1338 531 1499 605 verborum

476 627 593 710 agmine
607 625 678 706 egit,
701 624 731 685 in
749 619 961 704 compendium
980 612 1147 680 coarsiabo.
1275 711 1279 716 ‚

525 755 527 762 ¹
601 731 652 788 'Ex
665 725 736 788 libro
752 727 803 806 3⁰.
818 721 885 785 Gal:
903 719 994 783 Mesd:
1014 717 1049 781 de
1059 720 1146 806 gestis
1164 727 1273 807 pontff:
1288 729 1366 808 Ang.

281 827 285 832 ’
310 773 449 868 nlnltealt·
520 811 653 888 Basilica,
663 812 831 896 ·quondant
845 811 884 873 ab
899 808 1027 870 Edwino
1042 830 1119 892 rege,
1142 814 1257 874 monitu
1273 814 1352 878 beati
1370 816 1498 893 Paulini,

308 879 440 958 mim-⁵
475 905 507 967 in
522 903 661 966 Eboraco
674 897 763 977 sasia,
780 898 860 962 testo
875 897 1007 958 vacabat.
1041 897 1167 960 Parietes
1182 896 1322 972 semiruti,
1338 902 1370 963 8r
1381 899 1500 966 ruinam

309 945 465 1076 {haiim
478 989 592 1076 plenam
608 991 764 1063 minantes,
789 984 856 1052 solis
870 985 947 1047 nidis
961 985 1058 1045 auium
1073 979 1244 1066 serviebant.
1289 991 1350 1050 Pro
1371 991 1500 1074 indigni·

311 1077 422 1124 consum-
479 1094 538 1142 tate
561 1075 602 1138 rei
627 1073 763 1158 pontifex
787 1076 902 1136 interno
926 1070 1027 1133 dolore
1050 1089 1227 1148 commotus,
1251 1077 1408 1140 maceriem
1435 1077 1500 1140 soli·

311 1153 399 1224 ΜΨ,
478 1167 569 1239 davit,
593 1165 710 1224 culmen
734 1162 849 1237 levavit,
880 1159 1009 1221 levatum
1031 1158 1182 1242 plumbeis
1198 1161 1314 1226 laminis
1328 1163 1368 1226 ab
1392 1164 1500 1247 injuria

477 1251 670 1338 procellarnm
683 1249 822 1314 munivit.

312 1344 441 1395 Adelunai-
482 1357 483 1360 ¹
522 1344 651 1401 Vocatus
667 1337 708 1400 esl
724 1358 798 1420 puer
811 1333 1024 1411 Adelunaidus,
1041 1336 1070 1398 sc
1083 1337 1113 1399 in
1124 1337 1207 1417 Ripis
1221 1336 1321 1421 postea
1335 1340 1498 1403 monachus

241 1424 244 1434 '
312 1411 355 1488 ³¹¹?
365 1414 393 1460 ὼ
404 1409 583 1504 Quartus,
599 1423 809 1490 miraculorum
819 1420 954 1485 Wilfridi
968 1443 1027 1484 non
1039 1423 1102 1486 lere
1114 1423 1318 1489 testimonium
1328 1427 1496 1518 videbatur.

312 1477 445 1592 {ffiuiffff
788 1511 888 1575 Verba
902 1507 1035 1574 Wilfridi
1048 1508 1187 1596 episcopi.

609 1629 689 1667 tamen

522 1690 590 1770 Ego
607 1702 722 1748 tantum
737 1681 913 1759 monasteria,
925 1681 996 1757 duo,
1020 1684 1052 1746 in
1067 1704 1101 1746 ea
1122 1685 1271 1766 provincia
1287 1685 1393 1769 posita,
1417 1686 1497 1772 Ripis

479 1772 751 1858 &Hagustaldeiae,
774 1793 842 1856 quae
856 1771 988 1846 fundavi,
1011 1791 1070 1833 non
1089 1771 1234 1835 omittam.

493 1928 495 1932 ,
521 1857 654 1944 Expulso
668 1857 815 1943 primitus,
840 1877 875 1922 ut
889 1859 1003 1922 disium
1016 1855 1068 1934 est,
1084 1857 1235 1935 uinfrido,
1248 1864 1303 1944 qui
1318 1864 1411 1926 totius
1422 1865 1498 1926 Nor·

477 1950 739 2012 danhumbrorum
760 1947 889 2031 regionis
903 1962 966 2010 erat
986 1944 1149 2030 episcopus,
1173 1947 1237 2010 duo
1255 1970 1310 2032 pro
1332 1971 1371 2012 eo
1393 1948 1497 2028 conili-

453 2036 455 2042 ’
479 2039 538 2099 tuti
553 2034 630 2110 sunt,
655 2037 684 2097 in
696 2037 829 2098 Eboraco
843 2032 928 2108 Bosa,
951 2033 981 2094 in
993 2033 1218 2117 Hagustalduno
1232 2041 1317 2110 Bata,
1335 2036 1497 2101 'defnnslo-

354 2154 359 2168 =
455 2125 457 2132 '
478 2147 539 2207 que
559 2127 642 2195 Rata,
666 2124 793 2202 Joannes
808 2144 863 2205 pro
881 2143 918 2183 eo
939 2121 1103 2184 ordinatur.
1140 2124 1290 2206 Tempore
1304 2143 1377 2191 vero
1391 2123 1498 2190 Alsn'di

478 2213 554 2294 regis
570 2211 657 2274 rediit
680 2211 711 2272 in
729 2208 931 2293 episcopatum
953 2223 1048 2272 totum
1064 2207 1224 2273 Wilsridns
1246 2211 1384 2295 quinque
1403 2215 1497 2288 annis,
1562 2256 1563 2265 κ

479 2298 608 2380 expulsis
620 2302 732 2376 Joanne
747 2298 784 2360 de
798 2296 1034 2379 Haguslalduno,
1057 2296 1087 2359 δι
1101 2295 1172 2359 Bosa
1186 2297 1223 2360 de
1237 2300 1388 2362 Eboraco.
1432 2299 1498 2365 Post

478 2389 614 2474 quinque
629 2405 720 2448 annos
733 2383 880 2450 2Wilsrido
901 2387 1008 2447 iterum
1030 2385 1067 2448 ab
1081 2383 1203 2447 Alsrido
1218 2383 1351 2468 expulso,
1375 2387 1420 2451 illi
1442 2387 1498 2453 suis
1562 2462 1563 2469 ἵ

476 2473 595 2538 sedibus
611 2472 737 2538 restituti
751 2471 829 2537 sunt.
874 2470 1029 2544 Defuncto
1041 2493 1110 2534 tero
1123 2472 1252 2549 Alsrido,
1271 2473 1446 2552 Wilsridus,
1468 2478 1499 2539 in

446 2557 450 2564 ’
478 2561 665 2626 concordium
686 2576 833 2644 receptus,
855 2557 955 2621 sedem
968 2559 1049 2643 apud
1064 2560 1286 2645 Hagusialdune
1304 2561 1425 2642 habuit,
1448 2568 1498 2646 Jo-

494 2660 710 2711 transvertam.-

478 2748 554 2791 anne
573 2731 605 2793 in
620 2730 790 2794 Eboracum
804 2733 957 2815 migrante,
979 2732 1051 2816 qnia
1066 2734 1130 2815 jam
1144 2732 1217 2797 Bosa
1238 2731 1402 2799 desunslus
1425 2742 1497 2801 er‘at.

480 2814 519 2880 Ei
542 2814 670 2878 successit
685 2820 716 2879 in
737 2816 1046 2883 EboracoWilsridus
1069 2818 1318 2903 presbyterium,
1341 2826 1397 2906 qui
1421 2843 1499 2907 tran·

480 2900 592 2966 scendit
614 2918 746 2987 tempora
766 2907 868 2969 Bedae.
892 2911 991 2971 'Nam
1005 2928 1075 2973 eum
1090 2910 1239 2987 illoanno,
1261 2930 1326 2993 quo
1339 2914 1429 2989 obiit,
1452 2914 1498 2995 su·

408 3058 411 3063 ,
478 2991 529 3054 isle
551 2994 581 3054 itt
597 2991 731 3055 Eboraco
747 2992 920 3077 episcopum
934 2995 1082 3060 asseverat.
1125 2998 1275 3083 roirca
1288 2998 1325 3060 lis
1340 3001 1499 3067 inextrica-

478 3080 546 3142 bilis
560 3079 590 3142 in
605 3079 826 3143 Cantuarienses
849 3084 880 3145 n
899 3080 1095 3153 Eboracenses
1117 3082 1254 3162 versatur,
1277 3087 1350 3169 quia
1371 3092 1500 3153 Cantna·

479 3164 585 3230 rienses
599 3167 712 3243 dicunt,
736 3165 765 3232 se
786 3169 894 3233 habere
911 3168 1091 3233 Wilsridnm
1108 3168 1263 3237 seniorem.
1308 3176 1425 3237 Contra
1440 3179 1501 3241 hare

481 3253 678 3318 Eboracenses
692 3258 888 3333 contendunt,
902 3256 1137 3338 huncjuniorem
1152 3258 1329 3323 Wilsridum
1343 3263 1385 3326 ab
1394 3263 1506 3368 Odonp

644 3382 645 3389 ¹
1146 3364 1303 3417 coenfrido.

480 3426 699 3513 archiepiscopo
720 3432 858 3493 Cantium
885 3432 1066 3497 translatum.
1111 3435 1179 3495 Hoc
1199 3432 1354 3511 desnnslo,
1378 3438 1503 3503 emicuit
1561 3471 1562 3476 ¹

480 3517 512 3577 in
528 3517 697 3599 pontificale
717 3514 869 3599 speculum
885 3522 1060 3604 Ecgbertus‚
1084 3517 1175 3584 frater
1194 3523 1344 3606 Ecgberti‚
1367 3524 1503 3607 ejusdem

480 3606 739 3686 provinciaeregis.
960 3674 963 3680 ,

526 3692 583 3752 Hic
605 3694 739 3753 omnium
764 3692 930 3757 liberalium
951 3695 1059 3757 artium
1079 3697 1238 3759 armarium
1262 3698 1310 3776 (nt
1332 3697 1376 3761 ita
1389 3700 1504 3787 dicam)

482 3774 552 3851 snit,
568 3781 597 3839 &
608 3778 813 3843 nobilissimam
825 3780 1031 3845 bibliothecam
1044 3783 1170 3846 Eboraci
1183 3784 1344 3860 constitnit,
1360 3789 1449 3867 cujus
1461 3793 1503 3853 rei

485 3863 586 3927 testem
609 3866 749 3929 idoneum
771 3869 886 3932 advoco
904 3871 1078 3945 Alcuinum,
1102 3873 1156 3952 qui
1175 3873 1252 3935 dixit
1273 3875 1303 3935 in
1317 3874 1452 3958 epistola,
1465 3879 1501 3940 ad

484 3953 625 4017 Carolum
641 3958 721 4037 Aug:
748 3963 770 3990 “
786 3958 865 4018 Date
881 3959 954 4021 mihi
969 3973 984 4005 0
1000 3958 1192 4041 exquisitores
1218 3961 1395 4024 eruditionis
1418 3962 1502 4028 schoa

483 4048 505 4076 ‘⁴
521 4040 624 4103 lasticae
638 4041 764 4115 libellos,
788 4045 891 4125 quales
912 4047 942 4107 in
957 4048 1050 4129 patria
1064 4046 1156 4108 habui
1173 4067 1224 4130 per
1243 4050 1352 4111 bonam
1368 4052 1399 4113 ἃ
1413 4052 1502 4115 devo·

399 4192 402 4197 Δ
484 4136 505 4163 “
523 4128 659 4191 tissimum
684 4128 815 4213 magistri
836 4136 897 4196 mei
917 4132 1055 4215 Ecgberti
1081 4132 1290 4218 archiepiscopi
1312 4137 1498 4205 industriam.

364 4210 368 4223 ⁴
484 4222 504 4249 “
521 4220 570 4286 Et,
587 4214 609 4276 st
625 4218 719 4299 placer
730 4218 912 4284 excellentiae
924 4220 1034 4295 vesicae,
1056 4224 1206 4284 remittam
1220 4224 1337 4305 aliquos
1347 4245 1387 4286 ex
1401 4228 1502 4308 pueris

481 4310 502 4336 “
518 4300 633 4377 nostris,
655 4306 708 4385 qui
723 4308 872 4389 excipiant
892 4308 971 4385 inde,
993 4310 1022 4371 ἃ
1041 4310 1180 4379 revehant
1202 4312 1233 4373 in
1247 4313 1400 4375 Franciam
1415 4315 1500 4379 flores

483 4397 505 4425 “
521 4390 710 4454 Britanniae.”
1298 4429 1300 4436 ¹

586 4516 600 4547 a
618 4502 655 4549 lta
668 4502 694 4551 &
709 4502 760 4553 Cor.
770 4503 853 4558 Selier.
886 4506 931 4556 Ser
946 4507 1021 4557 maim
1032 4508 1201 4576 exquisitiores,
1217 4520 1242 4563 ut
1252 4512 1274 4560 in
1286 4512 1331 4576 Ed.
1343 4513 1405 4561 Srv.
1441 4580 1450 4645 l

686 4580 689 4587 '
1358 4585 1438 4665 Sepu
1452 4596 1500 4645 tus
