3392 5300
308 471 1143 580 Aurrounnrrcouunernunh.
1306 471 1382 579 '167'

207 628 308 722 burga
323 632 451 712 adjecit3
476 628 526 694 cui
551 628 693 693 nimirum
717 630 750 692 in
770 626 912 692 omnibus
937 629 983 692 his
998 632 1093 715 gratia
1113 628 1242 695 transfe-

208 722 298 785 rendi
313 720 487 807 parabatur.
1113 752 1114 755 =

650 816 675 865 su
695 852 701 866 .
713 816 729 865 εἶ
739 816 856 866 Detham.
977 845 979 848 -
1087 834 1093 843 ·

253 883 396 951 Er'rcurfis
411 906 483 969 ergo
493 906 547 947 xx.
563 835 696 950 miliarii}
707 886 880 967 perundanu
890 882 1031 973 usquead
1042 884 1240 972 Tidbrtghte-

208 974 289 1059 sege,
314 976 372 1038 hoc
386 974 438 1049 est,
461 973 498 1035 ad
515 974 695 1057 Tidbrighti
711 970 844 1035 insulam.

255 1068 335 1127 Nam
352 1064 401 1124 hic
424 1062 592 1135 colliculus,
615 1063 670 1143 qui
684 1060 793 1123 dicitur
808 1060 959 1136 Rouelhil‚
984 1060 1140 1145 paululum
1162 1062 1359 1129 emi-Rouelhil

210 1153 334 1214 nentior
346 1167 444 1212 cetera
458 1151 554 1231 campi
568 1149 703 1229 planicie,
727 1162 875 1230 quantum
891 1147 981 1233 ipsius
995 1148 1235 1215 feretrum'occu·
1244 1160 1318 1209 prope
1327 1143 1400 1213 *¹⁶¹5-

208 1241 303 1325 pabat
318 1255 432 1300 aeterno
445 1258 479 1299 ac
494 1237 626 1298 viridiori
641 1238 772 1321 gramine
786 1252 897 1298 vernat.

255 1313 492 1409 Elegantislirnus
507 1324 536 1386 δι
549 1323 763 1386 liberalillimus
775 1339 858 1406 pater
870 1322 1012 1409 Eligensrs
1026 1322 1147 1387 familiae
1158 1346 1242 1390 novo

209 1412 393 1481 monasterio
406 1419 425 1475 a
438 1410 536 1477 fronte
550 1410 765 1489 consummato,
788 1413 818 1475 de
828 1427 889 1473 cet:

878 1514 931 1577 sup:
944 1512 1053 1560 interfuit
1064 1512 1220 1564 transsationi.

252 1577 400 1643 Nicolaus
414 1578 637 1645 archidiaconus
651 1579 815 1643 Lincolniae
832 1583 910 1642 inter
922 1581 1053 1643 eruditos
1067 1583 1235 1663 praeclarus·

255 1670 347 1730 Anno
361 1670 403 1729 D.
432 1673 506 1750 798.
530 1689 639 1751 corpus
658 1673 689 1730 S.
707 1670 899 1752 withburgae
914 1668 973 1729 fine
987 1672 1178 1752 corruptione
1192 1673 1237 1735 in·

208 1770 336 1822 ventum
350 1754 393 1816 est
407 1755 472 1838 post
487 1776 579 1853 annos
593 1755 657 1819 fele
674 1775 690 1838 ς
696 1776 724 1840 ς.
740 1760 770 1818 in
785 1758 945 1819 Dereham.
1226 1764 1229 1771 “

299 1893 351 1957 Ex
365 1888 454 1952 libello
476 1888 511 1951 dc
527 1892 598 1953 vita
620 1892 652 1951 S.
668 1889 810 1973 thtffildae,
832 1915 913 1975 quem
934 1892 1080 1957 Gocelinus
1094 1915 1151 1955 mo·

512 1979 623 2043 nachur
638 1981 670 2040 S.
689 1978 940 2065 Bertiniscrrpfit.

255 2088 357 2173 Quem
379 2107 432 2149 rex
446 2087 589 2151 catholice
612 2087 796 2171 baptizatum
818 2090 978 2173 appellavit
996 2090 1091 2175 patria
1105 2088 1209 2173 lingua
1222 2088 1341 2178 lupellus
1350 2117 1392 2149 va·

210 2174 490 2259 nidoNellingurn.
885 2192 888 2197 ¹
1072 2234 1074 2238 ,
1195 2178 1200 2185 ·
1245 2166 1400 2279 fflfflffl‘

650 2261 810 2329 Lelandus·
1247 2297 1272 2344 in
1285 2298 1341 2345 nido
1351 2265 1391 2345 id.

817 2369 904 2419 sororis
917 2374 938 2417 S.
951 2369 1101 2419 Erkenwaldi
1134 2380 1146 2417 t
1247 2374 1332 2409 ventus
1360 2363 1375 2409 d

214 2437 422 2588 flddotc‘ednus
434 2434 545 2521 scripsit
559 2436 597 2502 de
607 2435 797 2500 transsatione
808 2438 1012 2524 Ethelburgae,
1028 2437 1195 2513 Wullildae,
1207 2438 1237 2498 8<
1245 2425 1401 2557 ξῗὲἃᾜ

246 2548 256 2587 1
289 2544 341 2588 ert
364 2547 399 2591 ae.

1244 2574 1301 2607 nem
1313 2558 1392 2607 duxit.

233 2659 283 2720 Ex
297 2657 369 2718 libro
380 2652 413 2716 de
424 2657 493 2719 vito
504 2657 535 2718 S.
548 2658 718 2741 Werburgae,
730 2668 841 2730 autore,
852 2668 887 2718 ut
901 2655 1043 2732 arbitror,
1060 2655 1212 2722 Gotcelino.
1385 2644 1388 2652 ¹

257 2757 431 2839 Werburga
446 2758 476 2817 in
499 2757 616 2819 civitate
632 2755 804 2839 Legecestra
819 2751 982 2837 requiescit.

256 2845 488 2927 Ethelbrightus
500 2864 537 2905 ex
553 2848 638 2907 Berta
654 2845 765 2928 regina,
789 2844 850 2905 lilia
863 2843 938 2926 regis
954 2845 1141 2916 Francorum,
1160 2845 1237 2908 Ead-

213 2925 341 2994 baldum
355 2953 424 2994 cum
439 2932 622 3016 Ethelburga
646 2931 707 2994 filia
729 2933 902 3015 procreavit,
927 2952 1015 3012 quem
1043 2927 1103 2992 suae
1124 2934 1239 3014 pietatis
1367 3005 1369 3008 ¹

214 3021 243 3082 ἃ
260 3021 346 3104 regni
367 3020 507 3082 heredem
521 3020 652 3103 reliquit.
697 3019 881 3100 Ethelburga
898 3039 967 3079 vero
983 3022 1092 3102 rtgina,
1117 3020 1182 3101 post
1197 3023 1239 3102 pii

213 3108 295 3192 regis
320 3109 597 3171 Northumbrorum
623 3106 758 3170 Eadwini
786 3107 1031 3180 interlectionem,
1064 3105 1172 3168 reversa
1193 3108 1238 3174 ad

214 3193 405 3259 Eadbuldum
420 3192 553 3271 fratrem,
576 3197 686 3276 invilla
698 3194 838 3279 Liminga
850 3192 1056 3256 monasterium
1072 3193 1238 3272 aedificavit,

214 3285 246 3346 iu
264 3305 329 3368 quo
344 3305 416 3346 cum
431 3285 462 3348 S.
477 3284 638 3368 Eadburga
660 3281 825 3369 requiescit.
873 3283 1044 3368 Eadlraldus
1060 3303 1183 3366 quoque
1200 3303 1240 3346 ex

214 3373 338 3434 alterius
355 3373 533 3433 francorum
554 3377 630 3455 regis
644 3372 705 3432 lilia
721 3374 827 3434 Emma
843 3372 1060 3432 Ermenredum
1075 3387 1167 3452 atque
1182 3373 1237 3431 Er-

214 3461 396 3523 kenbertum
422 3461 576 3542 principes,
601 3463 630 3522 S.
646 3481 705 3542 que
720 3461 862 3542 virginem
885 3457 1096 3530 Ernswitham,
1119 3475 1188 3538 quae
1209 3477 1240 3518 a·

216 3548 279 3629 pud
297 3542 468 3609 Folchestan
489 3547 620 3630 deposita
637 3563 805 3620 veneratur,
829 3548 1011 3630 propagavit.
1056 3545 1241 3607 Ermenredo

217 3651 316 3697 autem
339 3655 378 3697 ex
394 3633 501 3716 inclyta
522 3637 648 3718 conjuge
663 3637 764 3697 Ollava
788 3637 848 3695 nati
873 3633 941 3696 lunt
956 3633 1133 3695 Ethelredus
1148 3648 1240 3716 atque

218 3723 454 3794 Ethelbrlchtus,
477 3744 554 3805 quos
578 3727 747 3785 iunocenter
764 3723 919 3805 jugulatos
934 3721 1084 3804 splendida
1103 3720 1174 3783 lucis
1188 3743 1240 3787 co·

219 3812 324 3873 lumna
349 3811 386 3874 de
401 3810 478 3873 coelo
498 3811 629 3891 prodidit
645 3810 752 3873 Christi
767 3827 921 3890 martyres.
965 3815 1104 3895 Quattuor
1118 3830 1241 3891 quoque
1363 3887 1370 3895 ἱ

219 3899 356 3973 tbtfiliae,
380 3897 486 3960 sanstae
498 3903 662 3972 Domneva,
679 3900 890 3980 Ermeuberga,
915 3898 1125 3981 Ermcnberga,
1141 3900 1170 3960 ἃ
1184 3901 1240 3958 Er·

221 3987 374 4070 mengitha
388 3987 470 4049 velut
493 3987 662 4068 paradisiaci
687 3986 777 4048 fontis
792 3983 1000 4069 quadrifariam
1020 3988 1164 4048 emicuere
1184 3985 1241 4047 flu·

221 4077 313 4138 mina.
342 4076 437 4137 Fratri
449 4094 517 4135 vero
531 4076 594 4154 ejus
608 4076 806 4137 Ethemberto
817 4074 880 4156 regi
894 4077 989 4136 Annae
1002 4077 1078 4155 regis
1094 4073 1153 4134 lilia
1169 4075 1241 4138 sex·
1261 4091 1316 4156 Peg.
1329 4103 1385 4147 ¹55·

222 4164 328 4245 burga,
352 4159 432 4226 soror
457 4177 610 4244 perpetuae
634 4164 754 4245 virginis
778 4162 988 4236 Etheldrithae,
1018 4162 1151 4243 legaliter
1172 4181 1241 4224 cou-

219 4249 333 4328 jundia,
351 4251 465 4331 peperit
476 4251 676 4333 Ecbrightum
692 4272 725 4312 ac
737 4240 917 4313 [otharium
929 4270 1022 4332 reges,
1044 4249 1182 4330 coeloque
1195 4249 1242 4312 di·
1315 4287 1317 4301 ·

224 4357 295 4418 guas
310 4337 531 4400 Ermcnhildam
545 4353 636 4421 atque
648 4338 871 4421 Ermengodam
884 4339 1008 4420 reginas.
1053 4338 1245 4400 Ermenhilda

225 4423 400 4499 wulfhero,
425 4427 487 4508 regi
501 4428 691 4499 Merciorurn,
715 4425 821 4487 Pendae
834 4427 911 4508 regis
927 4425 1000 4500 filio,
1018 4423 1131 4498 tradita,
1151 4421 1244 4505 splen·

226 4512 400 4574 didillrmam
409 4513 620 4597 Werburgam,
634 4511 757 4577 cui'haec
767 4515 922 4596 parentalis
934 4532 1065 4596 purpura
1076 4512 1243 4586 infloratur,

221 4599 386 4685 generavit.
432 4601 595 4668 Beatiffima
610 4621 681 4667 vero
695 4616 849 4669 matertera
864 4603 929 4682 ,ejus
944 4601 1130 4685 Ercongoda,
1144 4617 1245 4750 aptore

268 4710 276 4726 2
1175 4705 1248 4750 acrae
