3392 5300
301 429 1125 530 surrounurtcouneu‘rnuea
1302 438 1343 510 61

244 573 333 635 Anno
343 577 385 637 D.
397 575 490 634 1180.
502 587 636 654 tempore
646 569 892 672 quadragesimali
900 592 1007 655 magna
1018 593 1084 656 pars
1092 567 1221 635 Cestriae.
1246 623 1263 668 ⁴.

201 661 404 744 conflagrauit.
456 665 461 675 '
843 685 860 700 '¹

588 801 593 814 ,
767 773 770 782 ·
912 745 1119 828 Polydorusin
1133 744 1252 829 epistola
1265 741 1389 810 suacol·

204 835 258 900 rag.
269 843 311 895 ⁶4·
369 838 418 898 Ex
432 833 520 897 libello
533 831 622 896 Gilda>
636 855 697 916 eng:
913 833 1108 915 ligitGildam
1120 833 1246 898 floruisse
1257 848 1389 916 tempore

453 923 607 1003 sapientis.
857 948 861 983 1
913 920 1025 1004 Pelagii
1040 918 1157 984 secundi
1172 920 1387 1003 pontificisRo:

644 1085 649 1092 ι
710 1013 714 1020 “
769 1015 775 1070 ζ
913 1009 1375 1091 circiterannumDominigsso.

245 1097 398 1159 Britannia
419 1093 521 1170 insula,
534 1097 576 1169 ¹in
601 1110 735 1158 extremo
747 1092 842 1159 ferme
863 1095 945 1156 orbis
960 1096 1064 1171 limite,
1089 1100 1221 1160 Circium
1236 1093 1365 1142 Britannia:

204 1186 450 1266 occidentemque
471 1180 578 1257 versus,
601 1179 714 1255 divinit,
738 1202 770 1243 ut
789 1185 908 1256 dicitur,
933 1181 1045 1259 tiriae,
1069 1200 1223 1248 rerrae..to·
1237 1159 1316 1250 urus„

204 1275 262 1332 tius
275 1271 488 1353 ponderatrice,
507 1272 622 1344 librata,
637 1271 675 1332 ab
688 1272 823 1352 Aphrico
839 1271 946 1332 boreali
962 1270 1134 1354 propensius
1147 1269 1225 1334 tensa
1270 1325 1286 1336 ,.

201 1361 261 1431 arri,
284 1358 531 1440 ottingentorum
541 1362 572 1420 in
585 1358 804 1440 longitudinem
820 1358 957 1433 millium,
981 1360 1177 1422 ducentorum
1191 1361 1223 1423 in

199 1445 401 1521 latitudinem,
424 1443 560 1528 spatium,
584 1447 715 1526 exceptis
730 1443 911 1508 diversorum
931 1446 1141 1526 prolixioribus
1155 1457 1223 1530 pro·

202 1534 791 1614 montoriorumtrastibus,quaearcuatis
802 1535 913 1594 Oceani
923 1535 1222 1610 linibusambiuurur,

201 1638 325 1695 tenens;
347 1624 431 1701 cujus
447 1621 607 1695 diffusiore,
632 1622 671 1692 bc,
688 1638 723 1682 ut
738 1623 778 1681 ita
794 1622 902 1694 dicam,
926 1618 1153 1686 intransmeabili
1169 1645 1223 1686 urt-

204 1711 295 1792 dique
310 1709 433 1786 circulo,
458 1705 566 1791 absque
588 1709 757 1770 meridianae
771 1706 849 1770 sreto
870 1709 975 1792 plaga,
1001 1711 1129 1792 (quoad
1150 1713 1222 1776 Gal-

204 1797 270 1859 liam
292 1800 446 1880 Belgicam
467 1798 633 1879 navigatur)
656 1797 769 1869 vallata,
793 1796 868 1858 duo·
1214 1849 1217 1854 .

202 1906 268 1948 rum
285 1883 366 1948 ostiis
383 1885 527 1948 nobilium
549 1883 717 1957 fluminum,
735 1881 870 1953 Tamesis
900 1887 915 1922 '·
936 1915 938 1918 ·
957 1882 1055 1948 Gallia
1069 1884 1199 1969 Belgica.
1234 1914 1238 1924 1

203 1993 237 2034 ac
263 1975 407 2047 Sabrina,
441 1975 534 2038 veluti
556 1971 681 2034 brachiis
714 1973 778 2051 (per
803 1990 870 2052 quae
955 1973 1094 2038 Tamesis
1110 1973 1173 2040 flu..

202 2059 299 2124 eidem
320 2061 397 2149 olim
415 2056 610 2124 uansmarinae
633 2058 741 2125 delitiae
755 2058 869 2121 ratibus
958 2059 1082 2124 Sabrina
1097 2061 1152 2150 flu,
1245 2115 1249 2122 .

573 2207 578 2214 .
656 2164 728 2214 run
785 2157 788 2164 '
956 2145 1073 2230 Viginti
1102 2151 1173 2212 osio
1200 2149 1335 2219 civitates
1357 2156 1389 2222 in

204 2235 399 2317 vehebantur)
423 2235 608 2316 aliorumque
624 2237 783 2308 minorum,
803 2255 869 2294 mu·
911 2231 1044 2298 Briraun:
1163 2292 1166 2300 .

203 2327 285 2386 nitas
308 2323 358 2388 bis
380 2323 475 2395 denis,
500 2318 603 2404 bisque
620 2318 775 2402 quaternis
796 2319 868 2383 civi·
1090 2333 1092 2338 ’

205 2412 322 2486 tatibus,
348 2419 453 2474 ac'non
465 2409 556 2472 nullis
570 2408 703 2481 castellis,
721 2429 888 2480 murorum,
905 2410 1041 2484 turrium,
1058 2427 1222 2492 portarurn,
1259 2441 1272 2452 ·‘

205 2498 362 2563 domorum
385 2502 528 2582 (quatum
542 2495 681 2570 culmina,
703 2495 812 2561 minaci
834 2495 1010 2578 proceritate
1026 2501 1168 2580 porsessa,
1191 2504 1224 2566 in
1249 2527 1254 2541 ¹

204 2585 284 2651 edito
305 2585 382 2651 sorti
404 2606 549 2667 compage
572 2584 793 2668 pangebantur)
824 2583 1053 2660 munitionibus,
1084 2608 1144 2650 non
1168 2587 1224 2653 im·

206 2667 398 2759 probabiliter
423 2672 585 2746 instructis,
609 2674 757 2745 decorata,
779 2675 899 2753 campis,
929 2673 987 2735 late
1013 2674 1118 2757 pansis,
1141 2679 1225 2741 colli·

206 2759 329 2846 busque,
355 2759 544 2825 amoenosrtu
558 2761 675 2835 locatis,
698 2759 873 2841 praepotenti
887 2761 1012 2823 cultura:
1032 2762 1124 2845 aptis‚'
1140 2786 1225 2828 mon·

206 2852 290 2927 ribus,
306 2846 490 2914 alternandis
501 2849 675 2911 animalium
689 2846 817 2929 pastibus
827 2846 958 2911 maxime
972 2850 1234 2931 convenientibus·
1338 2910 1340 2917 .

202 2939 255 3002 &e
298 2936 418 3003 Ibidem
439 2936 478 2999 de
495 2933 650 3009 fertilitate
664 2950 755 3019 atque
775 2956 869 3037 amoq
968 2936 1323 3007 Fertilitas&amoenitas

205 3025 293 3091 nitate
306 3022 422 3092 iusulae.
968 3024 1082 3089 Britan:

200 3174 203 3182 .
298 3132 453 3183 enumera
535 3146 539 3151 ·
718 3152 752 3171 -·

244 3202 329 3276 Haec,
343 3200 442 3266 creua
456 3199 568 3266 cervice
575 3200 611 3267 ,sir
624 3214 732 3276 mente,
753 3220 793 3265 cx
805 3220 869 3283 quo
956 3200 1065 3264 erecta
1086 3206 1186 3271 cervix
1205 3207 1337 3273 Britann:
1356 3208 1386 3273 bt

205 3286 365 3353 inhabitata
390 3287 442 3364 est,
466 3308 546 3351 nune
567 3288 637 3363 deo,
659 3288 808 3351 interdum
826 3290 868 3350 ci·
911 3290 1108 3357 contumacia.

203 3374 298 3451 vibus,
329 3379 400 3439 non'
412 3396 567 3458 uunquam
587 3377 676 3439 etiam
692 3373 867 3461 'transmari-

205 3460 247 3525 nis
260 3463 394 3547 regibus,
409 3461 444 3533 l&
458 3460 604 3544 subjediis,
626 3462 739 3545 ingrata
754 3460 915 3549 consurgit.

246 3555 286 3617 Et
309 3569 408 3615 tacens
423 3551 551 3619 vetustos
575 3549 754 3615 immanium
776 3567 967 3632 tyrannorum
988 3573 1089 3629 annos,
1112 3552 1166 3639 qui
1189 3555 1221 3619 in

205 3635 274 3720 aliis,
297 3640 388 3721 longe
411 3638 522 3721 postris,
545 3637 719 3723 regionibus
744 3638 857 3721 vulgati
873 3640 950 3717 sunt,
973 3640 1015 3703 ira
1037 3657 1072 3704 ut
1087 3644 1219 3727 Porphy-

205 3725 272 3800 rius,
299 3727 423 3789 rabidus
448 3724 597 3792 orientalis
617 3723 754 3789 adversus
775 3727 867 3789 eccle·
1292 3731 1295 3739 ’

206 3810 273 3875 fiam
295 3812 388 3888 canis,
410 3814 567 3877 dementiae
591 3810 652 3876 suae
672 3835 706 3877 ac
730 3814 869 3882 vanitatis

206 3894 286 3980 stylo,
313 3902 373 3965 hoc
390 3900 484 3967 eriam
503 3900 691 3963 adnesleret:
717 3909 739 3936 “
754 3902 869 3967 Britan·
912 3878 1006 3960 ‘²⁰'-
1082 3952 1089 3966 .
1116 3946 1135 4011 f
1176 3948 1204 4012 '1'
1307 3952 1315 3965 .
1357 3951 1365 3967 .
1440 3951 1442 3955 .

206 3987 279 4061 nia,’'
301 3986 451 4073 inquiens,
484 3988 629 4051 “fertilis
651 3988 803 4071 provincia
825 4006 869 4071 ty·
956 3952 1109 4011 Bnmnma
1131 3964 1387 4037 ⁶m¹spr⁰v¹¹¹⁰¹²

207 4083 395 4140 raunorum.''
434 4072 564 4156 [Falsum
580 4074 649 4153 ete]
913 4050 1116 4117 tyranmrum'

248 4163 302 4225 Illa
325 4180 441 4229 tantum
463 4160 596 4245 proferre
609 4163 741 4227 conabor
760 4162 792 4229 in
806 4186 868 4229 me·
955 4171 1025 4231 Non
1040 4166 1159 4250 praellat
1173 4169 1288 4250 Gilda,
1304 4172 1388 4259 quud

206 4247 300 4325 dium,
339 4255 408 4334 quae³
444 4250 627 4333 temporibus
662 4255 869 4320 Romanorum
912 4256 1080 4339 pollicetur.

207 4334 467 4417 imperatorum&
487 4339 564 4421 passa
585 4338 638 4413 est,
667 4339 696 4403 δι
722 4340 784 4404 aliis
804 4340 906 4405 intulit
927 4343 1052 4421 civibus,
1082 4345 1111 4408 ὅτ
1132 4345 1222 4429 longe

206 4424 314 4549 postris,
329 4426 415 4492 mala.
460 4432 639 4514 aQuorum
655 4440 752 4491 tamen
765 4444 890 4519 potuero
904 4450 964 4505 non
980 4447 1040 4497 ram
1057 4430 1221 4513 exscriptis

614 4556 629 4589 a
670 4556 726 4589 uam
738 4540 799 4592 Ma.
825 4539 827 4542 ’
1197 4534 1204 4543 ’

920 3805 924 3813 »
954 3772 1112 3857 Porphyrii
1123 3774 1256 3860 elogium
1269 3774 1307 3841 de
1321 3780 1387 3845 Bri·

1107 4614 1221 4726 patriae!
