3392 5300
341 527 408 619 gu
587 521 1334 636 ·10Auursunuaun1

486 653 581 748 gratia
594 659 892 726 Withebeiamveuit.
938 658 1050 746 Setlibi
1063 681 1198 750 quoque,
1220 661 1324 726 audita
1336 663 1404 742 ejus
1416 658 1521 741 fairra,

486 754 585 835 plures
596 752 623 814 ei
637 746 738 812 sociati
751 745 828 812 sunt.

582 862 634 926 sup:
645 863 783 926 Stephanus.

528 930 650 1016 Qibus
663 951 721 1012 ego
735 949 859 1012 quoque
871 927 1049 1010 conjuuslus
1068 927 1206 992 habitum
1228 928 1334 994 sanslae
1352 932 1520 1017 religionis

487 1020 518 1082 in
532 1019 638 1081 eodem
657 1019 725 1082 loco
737 1013 860 1100 suscepi.

530 1104 701 1168 Remfridus
726 1105 835 1188 pariter
859 1098 1013 1186 omnisque
1043 1106 1239 1186 congregatio
1261 1104 1353 1188 ipsius
1382 1106 1518 1170 confilio

486 1214 620 1256 annuens
634 1194 662 1256 δι
676 1192 813 1276 imperio,
836 1192 930 1254 totius
944 1190 1113 1254 monasterii
1131 1190 1207 1255 mibi
1226 1190 1438 1277 imposuerunt
1454 1198 1513 1259 &c

485 1285 531 1346 Ut
545 1280 581 1344 srt
597 1281 689 1344 abbas
702 1278 823 1344 elesius.

528 1367 665 1456 Qidam
687 1387 726 1430 ex
752 1365 912 1430 baronibus
936 1366 1016 1448 regis
1041 1365 1219 1431 erhelmus
1245 1367 1285 1431 de
1308 1371 1436 1452 Percey,
1458 1373 1514 1454 qui

487 1457 588 1522 locum
617 1451 712 1538 ipsum
754 1453 841 1518 uobis
880 1453 1056 1529 donaverat,
1093 1454 1196 1517 videns
1232 1457 1334 1519 locum
1372 1459 1513 1522 nostrum

487 1562 585 1629 nuper
613 1539 760 1606 desertum
792 1543 822 1605 iu
845 1540 948 1604 multis
972 1539 1128 1615 meliorari,
1160 1543 1256 1605 mulm
1278 1543 1412 1620 adversa,
1450 1563 1513 1608 tam

487 1653 542 1718 per
563 1628 593 1696 se
607 1649 697 1714 quam
717 1649 768 1714 per
790 1623 868 1703 suos,
891 1627 977 1690 nobis
990 1627 1155 1711 ingerebat,
1174 1649 1210 1693 ac
1229 1631 1301 1694 boni
1314 1635 1470 1714 poeuitens
1489 1631 1512 1695 st

486 1717 655 1804 quomodo
676 1737 731 1782 noa
755 1716 795 1782 ab
818 1736 857 1780 eo
876 1713 1008 1802 effugare
1029 1715 1131 1800 pollet,
1155 1736 1218 1792 arte
1233 1739 1295 1804 qua
1321 1736 1446 1803 poterat
1468 1722 1510 1784 la·

488 1805 628 1874 bombat.

1007 1906 1059 1972 sup:
1069 1906 1152 1972 pirttae
1160 1907 1185 1957 ur
1195 1908 1308 1960 latrones.

530 1980 634 2061 Atque
660 1975 698 2038 ad
716 1973 860 2039 ultimum
882 1996 941 2037 una
966 1973 1054 2037 nocie
1071 1976 1253 2059 conglobati,
1275 1977 1357 2042 facto
1378 1978 1505 2064 impetu,

485 2086 589 2130 omues
603 2085 656 2127 uos
670 2064 702 2127 iu
716 2059 821 2146 fugam
833 2075 1048 2138 convertentes,
1070 2067 1168 2134 omnia
1187 2064 1285 2128 nostra
1301 2067 1506 2150 diripuerunt,

485 2174 521 2216 ac
534 2150 657 2216 sublatis
668 2148 822 2228 omuibus,
836 2145 981 2236 quosdam
995 2169 1035 2215 ex
1048 2151 1135 2215 uobis
1145 2167 1248 2240 captos
1259 2154 1298 2218 ad
1312 2155 1433 2238 ignotae
1449 2166 1504 2220 ter·

483 2262 532 2308 ras
549 2237 766 2326 perduxerunt.
966 2264 969 2268 ·

1224 2350 1277 2416 sup:
1287 2349 1425 2402 wilhelmi.
1556 2392 1557 2401 ,

529 2421 603 2483 Erat
618 2432 720 2482 autent
733 2439 793 2484 non
804 2417 891 2502 longe
905 2414 1105 2483 abWithbeia
1118 2418 1150 2482 iu
1166 2417 1257 2500 ipsrus
1277 2421 1354 2501 regis
1370 2413 1502 2483 dominio
1556 2422 1557 2493 ξ

323 2513 447 2582 bettinge-
483 2503 567 2570 locus
592 2505 726 2590 quidam,
749 2507 803 2590 qui
817 2521 941 2571 vocatur
956 2504 1176 2591 Lelliugeham,
1200 2521 1268 2570 tum
1285 2508 1431 2589 nimirum
1453 2528 1500 2569 va·
1556 2512 1557 2547 l

321 2580 377 2632 him
390 2597 462 2675 ¹3¹⁰*
483 2613 565 2670 cans,
588 2592 636 2658 led
654 2589 727 2657 olim
742 2593 955 2659 monachorum
974 2590 1005 2659 iu
1020 2594 1268 2660 cohabitantium
1285 2591 1452 2681 frequentia
1472 2596 1501 2659 δε

320 2646 407 2697 nasta.
484 2680 625 2765 religione
638 2685 783 2765 egregius.

336 2773 465 2840 hume·
529 2772 618 2833 Hunc
640 2788 713 2853 ergo
734 2768 844 2845 locum,
869 2768 1066 2855 iregenobis
1087 2769 1202 2846 datum,
1226 2769 1368 2855 paulatim
1392 2769 1497 2834 tellau-

484 2876 559 2933 rare,
582 2856 620 2932 ἃ,
643 2874 711 2939 quae
730 2856 905 2921 habitationi
923 2858 1100 2924 monachica
1115 2875 1197 2923 erant
1212 2860 1377 2938 necessaria,
1399 2861 1497 2945 panta

484 2945 539 3008 tim
553 2944 697 3028 coepimus
710 2942 863 3010 aedificare.
945 3028 962 3050 ἡ

360 3076 529 3161 panuh
543 3074 792 3139 rasum-
835 3031 983 3205 ,thu
1003 3032 1495 3207 attractabatur

1403 3170 1413 3200 9

836 3209 949 3271 nachus
973 3207 1124 3292 professus,
1146 3209 1274 3291 ejusdcm
1296 3231 1422 3295 quoque
1440 3212 1495 3275 loci
1555 3247 1556 3252 κ

834 3295 1131 3366 abbatconsecrarer.
1320 3353 1322 3358 .
1555 3361 1556 3366 ,

879 3385 1042 3448 Inevitabili
1065 3388 1152 3454 toties
1172 3386 1327 3447 memorati
1346 3380 1517 3450 Withetmt'

484 3473 523 3537 de
548 3474 657 3553 Percey
678 3469 818 3534 violentia
845 3471 952 3548 coasts,
970 3475 1033 3553 jam
1057 3474 1179 3557 quidem
1200 3472 1319 3556 publice
1343 3475 1373 3535 8<
1396 3474 1494 3554 injuste
1555 3477 1556 3528 Τ

432 3578 435 3585 “
484 3560 583 3623 ablata
600 3560 685 3623 nobis
710 3557 874 3634 Withbeia,
906 3559 944 3620 ad
968 3560 1146 3641 praedistum
1167 3560 1280 3634 locum,
1313 3564 1368 3643 qui
1393 3562 1494 3626 dicitur

484 3646 703 3730 Lestingeham,
726 3646 768 3709 ibi
781 3644 883 3710 saltem
901 3666 1019 3711 manere
1033 3650 1194 3732 cupientes,
1216 3648 1434 3732 perjussiouem
1451 3672 1492 3715 re·

483 3736 530 3822 gis
545 3730 821 3817 transmigravimus.

529 3821 576 3885 lbi
590 3840 723 3903 quoque,
746 3816 841 3883 nescio
854 3842 919 3905 quo
931 3822 979 3886 dei
989 3822 1114 3906 judicio,
1130 3823 1259 3887 latrones
1268 3824 1493 3909 circumquaque

481 3908 695 3973 debacchantes
711 3928 765 3969 nos
781 3906 924 3991 persecuti
935 3908 1010 3986 sunt,
1034 3914 1064 3974 &
1078 3932 1125 3975 rec
1135 3911 1246 3975 nostras
1259 3910 1333 3996 saepe
1343 3916 1490 3996 rapientes,

479 4016 610 4063 moerore
625 3993 637 4043 b
652 3994 812 4058 inedicibili
831 3999 922 4059 corda
936 3997 1031 4061 noslra
1045 4000 1244 4082 perculerunt.
1554 3995 1555 4000 ’

527 4088 599 4147 Erat
618 4104 655 4145 eo
675 4097 808 4166 ternpore
827 4085 950 4166 quidam
973 4106 1081 4161 comes,
1104 4089 1225 4150 nornine
1241 4085 1369 4161 Alanus,
1392 4088 1489 4151 nobili·
1554 4111 1555 4174 1

481 4173 528 4235 oti
551 4172 707 4233 Britonum
738 4167 870 4253 prosapia
895 4189 1029 4250 exortus,
1063 4176 1197 4237 Eudouis
1221 4175 1359 4237 videlicet
1388 4177 1488 4240 nobilis
1554 4183 1555 4210 ¹

481 4258 600 4321 comitia
627 4260 785 4321 Britannia
812 4258 915 4334 filius,
935 4280 1005 4322 curn
1027 4263 1113 4325 essem
1140 4264 1169 4324 in
1191 4259 1289 4323 seculo
1315 4259 1489 4327 familiariter.
1554 4263 1555 4320 l

479 4344 555 4409 mihi
568 4344 745 4427 conjunctus
756 4345 787 4408 iu
800 4348 947 4411 amicitiis.
990 4350 1151 4435 Qandam
1165 4347 1324 4426 ecclesiam,
1340 4352 1371 4410 iu
1385 4350 1487 4415 honore

317 3162 392 3229 cnfis
415 3164 535 3239 elesius,
557 3166 674 3227 curavit
692 3160 791 3227 cons·

318 3252 394 3315 crati
405 3248 433 3315 se
444 3256 475 3317 in
490 3251 627 3318 abbatem
641 3250 792 3337 Lestinga·

318 3337 467 3408 ariensem.

511 4524 526 4557 a
542 4510 606 4557 lrem
625 4506 731 4623 moxpost
743 4508 909 4575 Leslingeham
924 4510 985 4559 aaut
997 4512 1068 4561 Mon:
1082 4473 1154 4579 Arpis
1171 4515 1201 4562 T.
1215 4514 1235 4561 1.
1255 4530 1278 4577 p.
1293 4518 1353 4578 3843
1366 4514 1407 4562 col:
1419 4533 1439 4562 r.
1448 4514 1487 4579 fiel

476 4581 557 4625 rantra
566 4574 636 4639 fidem
647 4578 680 4624 Le
689 4576 749 4635 audi,
767 4574 897 4625 &codicem
907 4577 1020 4632 uetustum
1034 4579 1184 4627 muletarum.
1217 4574 1230 4626 b
1248 4584 1286 4626 lta
1300 4580 1367 4626 etiam
1380 4580 1429 4629 col:
1439 4589 1483 4629 uel:

429 4670 431 4683 ι
478 4638 545 4719 Ball:
557 4657 598 4692 aar
609 4639 756 4705 irrcdlcibill,
767 4650 792 4694 ut
802 4640 917 4694 ediderunt
928 4643 1050 4709 aliorastr'ci
1059 4645 1133 4717 Angla
1143 4645 1337 4711 consarcinatorem
1405 4680 1409 4686 .

1267 4750 1275 4766 .
1365 4695 1484 4779 aum
