3392 5300
322 418 389 517 mo
597 400 1320 500 .J0aNNISLELAND1

506 548 668 635 Eadburga
682 571 792 623 novam
815 550 970 613 ecclefiam
992 554 1022 614 a
1037 553 1247 621 monasterium
1272 558 1355 641 apud
1371 561 1492 645 LImege

464 641 496 702 iu
510 640 638 723 gratiam
654 637 831 700 Mildruthae
845 636 1021 718 construxit,
1040 643 1070 703 in
1082 664 1144 725 quo
1157 646 1187 705 &
1201 647 1298 731 neptia
1312 642 1384 723 suae,
1399 648 1491 710 beatae

465 729 601 790 videlicet
615 726 803 814 Milthrudae,
826 724 946 791 sacratae
966 731 1097 813 virginis,
1121 730 1257 798 decenter
1276 736 1428 799 exanimes
1449 758 1490 800 re-

463 814 604 879 conderet
619 830 710 876 artus.
1155 826 1158 833 ’
1185 808 1193 825 ’
1221 890 1223 895 Ι
1399 836 1425 878 ’,

508 904 589 966 Olim
604 923 787 986 paganorum
802 900 905 965 infella
919 901 1022 967 lanitia
1038 918 1129 968 totam
1139 906 1240 971 'ferme
1256 911 1408 987 Cantiam,
1432 914 1490 975 exi-

465 992 603 1077 gentibus
628 992 813 1073 populorum
840 996 977 1073 peccatis,
1009 996 1150 1077 populata
1175 996 1226 1073 est,
1250 1013 1377 1079 excepto
1404 1000 1490 1081 hujus

464 1078 572 1145 sauuae
596 1076 771 1161 praelcriptae
785 1080 906 1162 virginis
922 1078 1000 1155 loco,
1024 1104 1115 1163 quem
1136 1085 1209 1146 deus
1224 1072 1332 1164 sponsae
1358 1082 1419 1147 suae
1434 1102 1489 1151 me·

464 1169 529 1232 ritis
544 1168 583 1230 ab
596 1168 678 1230 omui
692 1163 855 1231 furentium
873 1166 1056 1233 infestatione
1073 1172 1191 1247 tutavit,
1213 1170 1375 1257 quousque
1391 1196 1489 1253 pmnes

465 1249 643 1320 Limbieusrs
668 1254 796 1315 ecclesrae
824 1254 932 1331 clerici,
967 1275 1144 1341 congregata
1176 1258 1297 1323 suorum
1327 1260 1487 1345 phalange,

466 1339 669 1429 egrellrlsunt,
692 1342 774 1405 ultro
797 1338 825 1404 se
853 1344 972 1427 paganis
995 1346 1176 1426 objicientes,
1201 1349 1386 1432 viriliterque
1406 1350 1489 1433 egille

465 1433 631 1512 cupientes,
655 1445 690 1491 ut
705 1429 893 1512 postmodum
909 1435 951 1494 rei
966 1435 1102 1514 probavit
1117 1451 1249 1499 eventus.
1295 1440 1487 1501 Occurrentea

465 1539 539 1605 ergo
553 1516 688 1582 hostibus
703 1518 798 1581 valida
812 1540 918 1595 manu,
941 1540 1125 1603 peremerunt
1139 1543 1178 1587 ex
1192 1526 1234 1587 eis
1249 1524 1328 1587 mille
1347 1527 1487 1591 ducentos

465 1603 676 1688 quadraginta,
698 1603 747 1668 sed
768 1608 796 1667 8<
813 1607 863 1687 iplr
880 1628 982 1671 omnes
998 1610 1166 1697 interempti
1182 1606 1341 1694 perierunt,
1365 1630 1490 1696 excepto

463 1693 604 1779 praedicti
618 1694 678 1756 loci
691 1693 871 1777 presbytero.
1022 1704 1023 1707 ’
1363 1702 1367 1713 ’

805 1825 856 1883 Ex
872 1822 939 1883 vita
955 1824 987 1881 S.
1004 1818 1150 1901 Botulphr'.

510 1931 609 1993 Sancti
619 1929 724 1993 fratres
736 1928 868 1993 Adulfus
880 1932 910 1993 ἃ
922 1927 1062 1993 Botulfus
1076 1928 1224 1991 nobilibus
1237 1931 1295 1993 orti
1308 1927 1465 1995 natalibus.

508 2016 640 2081 Profecti
654 2018 719 2081 sunt
739 2020 770 2080 iu
783 2020 974 2080 Germaniam
990 2017 1127 2079 studendi
1142 2017 1247 2098 gratia.
1361 2032 1362 2035 ’

507 2107 672 2188 A'dulphus
687 2104 784 2167 factus
799 2102 953 2187 episcopus
969 2103 1179 2181 Trajestensrs.

509 2192 649 2255 Botulfus
674 2194 799 2255 domum
819 2186 948 2256 reversus
970 2194 1054 2275 petiit
1075 2188 1113 2255 ab
1133 2190 1338 2257 Ethelmundo
1357 2212 1426 2279 rege
1444 2191 1483 2257 lo·

465 2301 534 2345 cum
549 2280 708 2344 condendo
723 2279 899 2344 monasterio
916 2297 1030 2364 aptum.
1256 2348 1262 2357 Κ

509 2370 649 2433 Tandem
664 2372 777 2435 Ikanno
792 2369 914 2451 placuit,
937 2368 1062 2431 &locus
1077 2368 1104 2431 ei
1118 2366 1204 2443 datus
1219 2366 1271 2431 ell.
1375 2446 1377 2453 Ι

508 2446 653 2542 Sepullus
668 2454 726 2521 fuit
740 2455 763 2522 a⁴
771 2455 912 2523 fratribus
927 2454 1030 2523 suisio
1046 2460 1160 2521 Ikanno
1180 2476 1192 2520 1
1199 2474 1228 2540 ς.
1246 2456 1310 2519 Cal.
1325 2455 1389 2535 Jul.
1444 2480 1448 2485 ·

843 2580 894 2641 Ex
910 2576 1010 2641 odonis
1026 2578 1105 2641 vita.

508 2681 692 2744 Francorum
707 2676 840 2763 prosapia
854 2679 953 2741 extitit
968 2679 1125 2741 oriundus.

506 2765 590 2830 Usus
604 2765 645 2830 est
660 2766 777 2830 Parisiis
795 2781 979 2850 praeceptore
992 2765 1143 2850 Remigio.

512 2855 652 2919 Tandem
665 2853 761 2917 latius
778 2871 841 2916 erat
857 2856 947 2918 abbae
963 2853 1175 2916 Cluniacenfis.

392 2950 416 3022 J
509 2945 639 3028 Redegit
654 2943 775 3008 moralia
790 2944 929 3026 Gregorii
947 2945 977 3004 in
992 2942 1249 3026 compendium„
1333 2991 1336 3005 ,

249 3061 251 3065 ’
302 3030 423 3079 0st⁴¹¹¹¹¹⁸
510 3017 695 3116 Excerptum
718 3030 846 3115 epistolae
871 3028 986 3094 domini
1008 3029 1135 3095 Olberni
1159 3027 1269 3090 Prioris
1291 3028 1321 3088 in
1345 3027 1434 3090 vitam
1455 3029 1482 3094 S.

300 3094 454 3210 ᾙΣΞῩ
466 3119 621 3190 Edouardi
637 3116 728 3184 Conf:
745 3119 783 3180 ad
797 3121 971 3182 Albericum
989 3117 1120 3202 legatum
1136 3117 1298 3181 innocentii
1315 3113 1423 3198 pontIf:

300 3228 411 3291 scriptor.
509 3210 581 3273 Vita
594 3208 623 3270 ἂ
636 3209 778 3272 miracula
794 3211 823 3268 S.
837 3205 992 3274 Edouardi
1017 3203 1106 3271 Conf:
1123 3205 1293 3267 abbreviata
1307 3224 1346 3266 ex
1362 3203 1484 3265 trallatu

467 3296 580 3375 domini
595 3295 719 3358 Olberni
735 3297 857 3360 Prioris.

317 3405 374 3473 Peg.
389 3424 443 3468 154·
472 3412 535 3475 ‚Ex
543 3406 885 3492 vitaWthbnrgae‚filiae
893 3409 992 3481 Annae,
1004 3407 1082 3490 regis
1091 3401 1284 3470 Orientalium
1297 3403 1463 3486 Anglrrnm.

509 3509 561 3573 Est
576 3512 605 3572 in
622 3510 768 3592 provincia
781 3507 943 3571 Nordlolca
957 3507 1035 3580 villa,
1051 3525 1119 3588 quae
1133 3504 1244 3566 dicitur
1259 3506 1419 3581 Derelram,
1436 3502 1484 3566 ubi

465 3597 544 3681 sylva
559 3600 589 3659 a
603 3597 658 3659 flur
674 3597 730 3659 loci
745 3597 958 3658 habitationem
973 3594 1042 3656 fecit
1056 3592 1198 3676 apricam.

508 3689 567 3749 Hic
580 3683 784 3746 monasterium
799 3685 924 3744 condere
942 3681 1101 3764 satagebat.
1332 3743 1335 3748 ,

346 3772 379 3818 ³·
496 3790 522 3825 Δ
540 3773 688 3853 Sepelitur
703 3772 734 3832 in
748 3773 915 3833 coemiterio
929 3770 1059 3832 ecclesrae
1075 3765 1288 3833 Dirhameusrs.

317 3853 345 3884 ¹¹¹
375 3837 393 3909 ⁹]
507 3860 589 3923 Illud
613 3859 753 3943 virginale
772 3857 981 3920 monasterium
1001 3861 1033 3921 in
1055 3859 1188 3920 Derham
1210 3856 1376 3935 irruptione
1399 3871 1480 3937 paga·

461 3969 580 4024 uorum,
603 3966 637 4010 ac
659 3945 829 4028 tempestate
844 3945 1000 4021 bellorum,
1023 3944 1129 4030 fugato
1149 3946 1244 4006 choro
1259 3940 1404 4006 laurarum
1429 3945 1480 4004 vir·

461 4040 567 4124 ginum
581 4033 815 4118 inbvulgarem'‘
830 4035 1009 4116 parochiam,
1033 4031 1074 4098 est
1093 4029 1276 4094 destitutum.

550 4128 594 4186 Ut
608 4121 801 4199 Edewoldus‚
824 4119 978 4205 episcopus
993 4124 1156 4195 Ventanus‚
1180 4120 1327 4182 curaverit
1341 4119 1441 4182 With·
1484 4167 1485 4176 r

470 4232 489 4272 ,·
545 4213 653 4294 burgae
666 4229 777 4293 corpus
788 4207 1023 4274 transferendum
1039 4210 1077 4272 ad
1089 4207 1298 4272 monasterium
1315 4205 1440 4270 Eliense.
1552 4269 1553 4292 p

412 4338 421 4347 —
478 4359 481 4368 ,
503 4304 585 4363 Inter
608 4300 664 4361 alia
685 4317 758 4360 vero
772 4299 927 4380 magnifica
946 4299 1116 4381 expetitum
1138 4296 1243 4379 arege
1269 4295 1402 4378 AEdgaro
1422 4312 1478 4364 mo·

328 4439 332 4446 .
457 4385 788 4475 paliariumDereham,
811 4405 882 4450 cum
908 4384 1108 4470 pretiosrffimo
1132 4381 1272 4448 thesauro
1293 4380 1359 4463 luo,
1382 4383 1478 4450 With·

647 4524 649 4530 ’
726 4558 871 4632 «aarum
887 4558 953 4618 aar·
1013 4543 1214 4626 tonantur.
1385 4558 1408 4704 b
1552 4611 1553 4628 ἶ

1390 4637 1480 4706 wurga
1552 4637 1553 4696 r
