3392 5300
652 443 1328 527 Jonnntsnananot

493 632 499 641 .
520 590 556 649 In
571 583 630 649 fine
643 580 750 644 veteris
764 578 877 643 codicis
890 591 975 641 erant
989 596 1085 661 pauca
1098 575 1317 661 epigrammata
1330 576 1459 643 Giraldi.

823 681 857 731 est

347 762 359 793 ²
400 760 456 792 ¹¹⁰·
564 760 633 822 Non
648 775 722 839 ergo
736 752 845 837 exigna
860 770 922 813 non
936 746 978 811 est
992 750 1078 813 exilis
1093 749 1232 813 habenda

371 821 427 857 ”³²⁰
606 840 715 918 Insula,
740 856 800 903 tam
814 838 902 904 claris
915 836 1058 901 irradians
1073 836 1175 901 titulis.

311 940 450 1119 ᾎάζὲζῇῗῃῖ
495 982 502 989 ·
653 942 776 1043 Jocatur
789 956 933 1021 Giraldus
948 958 979 1019 in
996 952 1130 1018 censuras
1144 960 1203 1020 Ro:
1220 974 1308 1043 pontt

312 1070 338 1120 ac
358 1072 467 1119 ociorum
564 1052 689 1125 Mirum,
712 1067 781 1131 quaa
796 1050 901 1108 Romae
916 1042 1048 1107 modicos
1068 1041 1212 1109 sententia
1226 1049 1317 1128 Papae

313 1136 422 1198 suorum.
608 1142 680 1202 Non
697 1149 806 1210 movet,
831 1135 881 1195 hic
896 1129 996 1195 subito
1008 1128 1122 1214 sceptra
1135 1152 1255 1197 movere
1269 1149 1367 1219 parat.

565 1230 643 1313 Qae
663 1222 803 1287 minimos
818 1219 943 1283 minime
954 1214 1077 1285 censura
1091 1221 1229 1284 cohercet
1242 1224 1274 1285 in
1290 1223 1377 1299 urbe,

1298 1332 1344 1379 mit

613 1400 702 1465 Saevit
716 1402 747 1462 in
761 1398 832 1463 orbe
846 1396 983 1472 fremens,
1006 1395 1141 1481 celsaque
1154 1397 1229 1461 colla
1241 1418 1377 1480 premens

570 1490 629 1555 Cui
645 1490 721 1551 maie
735 1485 867 1551 sublatus
881 1488 991 1549 Rornae
1005 1504 1066 1548 non
1080 1485 1198 1549 cederet
1211 1486 1331 1561 hortus,

496 1592 502 1603 ’
598 1610 600 1617 ·
613 1578 731 1642 Nititur
746 1577 785 1639 ad
800 1595 911 1639 numm
925 1573 1043 1637 flectere
1055 1594 1149 1658 regna
1167 1569 1265 1637 suum.

602 1758 606 1767 ,
687 1690 738 1747 Ex
750 1682 896 1768 antiquiffi
914 1680 1005 1744 codice
1017 1683 1258 1767 epigrammaton.

781 1776 831 1835 Ex
849 1782 894 1835 1⁰.
909 1770 978 1832 libri
990 1772 1211 1855 epigrammate.

568 1878 658 1941 Hunc
673 1872 793 1955 proprie
809 1870 922 1943 librum
937 1866 1081 1933 Miiredus
1097 1868 1220 1951 posfidet
1234 1868 1321 1931 Anti·

498 2036 502 2043 Ι
569 1967 634 2027 Stes
644 1958 774 2034 sarnus,
799 1977 907 2041 magno
922 1956 977 2038 qui
992 1957 1102 2040 dignus
1116 1956 1238 2019 honore.
1439 2019 1444 2026 ,
1555 1975 1556 2012 r

570 2049 623 2114 Est
638 2049 747 2111 etenim
762 2045 891 2129 dapibus
906 2038 1059 2125 scripturae
1072 2042 1177 2126 plenus
1196 2042 1320 2107 &adiu
1556 2095 1557 2182 p

606 2158 709 2239 Versus
726 2154 808 2219 Beda
822 2154 856 2217 de
878 2160 1014 2217 tradate
1028 2155 1202 2237 Hieronymi
1214 2158 1245 2217 in
1259 2131 1390 2235 Esaiam:
1556 2191 1557 2230 p

569 2262 768 2341 Hieronymus
783 2256 890 2322 reserat
905 2258 978 2320 dum
993 2254 1116 2340 mystica
1129 2256 1254 2322 claustra
1266 2257 1437 2333 videntum,

498 2400 502 2407 .
616 2350 758 2413 Hebraeas
775 2348 865 2421 Latio
879 2346 983 2430 pandit
998 2348 1031 2409 in
1047 2346 1123 2408 orbe
1135 2366 1234 2428 gazas.

571 2437 650 2502 Isaiae
665 2435 797 2499 clavibus
816 2451 860 2497 ter
874 2432 924 2521 serr
938 2454 1045 2497 arcana
1058 2430 1214 2508 subintrat,

614 2528 718 2606 Atque
732 2522 938 2605 evangelicum
955 2520 1081 2604 protulit
1094 2521 1164 2584 inde
1173 2521 1277 2604 jubar.

574 2610 746 2677 Discutiens
763 2607 848 2693 prisci
864 2630 934 2673 nam
948 2609 1077 2672 carmina
1093 2605 1166 2672 celsa
1181 2611 1345 2693 prophetae,

615 2700 722 2764 Cernit
736 2696 899 2780 apostolicis
916 2713 930 2744 ⁶
949 2696 1129 2782 aequiperarat
1144 2697 1239 2764 tubis.

895 2851 976 2930 Epir.
992 2850 1100 2913 Po'e'tae.

540 2975 544 2982 ·
578 2948 686 3022 Vivere
699 2952 765 3038 post
778 2955 896 3020 obitum
910 2974 989 3020 vates
1003 2957 1047 3021 vis
1061 2957 1140 3020 nosse
1153 2950 1273 3019 viator?

620 3045 706 3129 Qtid
720 3044 817 3128 legis?
840 3066 908 3107 ecce
922 3046 1031 3129 loquor
1043 3070 1052 3120 ς
1076 3066 1137 3108 vox
1150 3060 1203 3108 tna
1219 3063 1327 3127 nempe
1337 3065 1406 3108 mea
1419 3043 1473 3112 est.

797 3132 969 3217 AEnigmata
982 3134 1074 3195 Bedae
1087 3133 1209 3198 ibidem.

493 3272 496 3281 ,
576 3216 685 3284 Versus
701 3219 858 3282 Aldheimi
873 3221 985 3284 ibidem
999 3222 1037 3284 de
1049 3219 1168 3285 ecclesra
1182 3218 1264 3284 Petri
1284 3218 1314 3282 dt
1327 3221 1426 3284 Pauli.

406 3365 420 3397 .·
534 3309 761 3392 Epigrammata
776 3307 863 3371 Bedae
876 3308 915 3370 ad
930 3314 961 3373 S.
976 3309 1165 3374 Michadlem.
1210 3308 1261 3372 Ad
1282 3311 1313 3370 S.
1332 3308 1465 3372 Mariam
1476 3306 1512 3370 de

490 3391 708 3464 consecratione
721 3396 795 3458 ecci:
811 3397 843 3458 in
857 3396 919 3476 ejus
931 3397 1088 3460 bonorem.
1156 3436 1158 3441 ·
1237 3433 1241 3438 -

533 3480 641 3548 Versus
655 3479 790 3564 ejusdem
803 3483 833 3548 in
846 3486 965 3566 porticu
978 3484 1051 3548 eccl:
1067 3485 1101 3547 S.
1110 3484 1226 3556 Mariae,
1238 3481 1278 3546 ab
1288 3481 1434 3548 Wilfn'do
1444 3478 1512 3568 epis·

414 3603 418 3612 ⁵
491 3591 571 3656 copo
583 3569 772 3649 construsia3
796 3570 956 3655 inquibus
969 3572 1152 3636 mentionem
1166 3569 1239 3636 facit
1255 3573 1344 3634 Acca
1355 3569 1495 3658 episcopi.

875 3700 894 3736 Ι

638 3805 641 3812 .
695 3749 798 3830 Versus
816 3743 828 3794 ὓ
848 3745 930 3810 Beda
944 3748 975 3810 in
989 3747 1115 3810 oratorio
1128 3750 1160 3811 S.
1176 3747 1318 3812 patricii.

502 3855 505 3866 ¹
579 3831 667 3897 Istam
682 3837 827 3898 Patricius
841 3833 958 3898 sanetus
975 3833 1030 3898 stbi
1044 3833 1175 3898 vindicat
1190 3836 1300 3910 aulam,

579 3928 684 4008 Qem
697 3923 805 3986 merito
819 3920 912 3987 nostri
925 3919 1043 3986 summo
1056 3938 1235 3986 venerantur
1247 3923 1371 3987 honore.

579 4011 636 4074 Iste
650 4007 812 4075 medeliferi
825 4010 999 4076 monstravit
1013 4011 1091 4074 dona
1105 4010 1233 4074 lavachri
1248 4036 1256 4074 a

581 4101 638 4161 Hic
654 4099 739 4161 nobis
755 4096 919 4172 Christum,
943 4098 1162 4181 dominumque
1175 4100 1337 4181 deumque,
1358 4100 1517 4167 colendum.

581 4185 679 4265 Juffit,
702 4185 732 4248 dt
748 4187 881 4268 ignaram
896 4185 997 4248 docuit
1011 4186 1087 4250 bene
1101 4187 1218 4250 credere
1232 4202 1365 4271 gentem.

584 4272 755 4354 Calpurnus
770 4274 885 4356 genuit,
908 4271 998 4336 istum
1013 4276 1089 4336 alma
1104 4276 1251 4337 Britannia
1266 4274 1359 4353 mifit,

492 4417 497 4428 ,
582 4358 682 4422 Gallia
697 4362 831 4436 nutrivit,
855 4376 935 4423 tenet
949 4361 1069 4444 ossaque
1089 4365 1201 4426 Scottia
1213 4361 1298 4429 felix.

493 4493 515 4516 η’
627 4509 630 4514 ’
706 4523 782 4576 ‹Sin
848 4521 1307 4612 dAssrrfifruriseestdmanuLdaadi.

1418 4614 1520 4698 Veniet
