3392 5300
731 327 741 369 l
1121 347 1125 352 .

295 380 647 524 Annrouaatr
680 424 1126 517 ⁴,cormucrnunn
1305 406 1381 514 ar<
1440 391 1443 396 ’

243 557 384 618 Rubente
400 553 517 616 tandem
532 549 597 638 post
611 546 731 618 cursum
746 549 844 615 noctis
859 572 965 616 aurora
974 553 1008 615 in
1020 567 1110 636 portu
1123 549 1228 624 Barba

197 639 255 707 flu:
272 643 491 727 applicuerunt.
889 653 892 660 '

245 735 361 794 Interea
376 727 682 802 nunciaturArturio,
699 725 851 811 quendam
866 728 948 790 mirae
960 725 1172 812 magnitudinis
1182 729 1228 813 gi·

197 833 323 903 gantem
338 839 377 881 ex
394 817 527 900 partibus
538 816 758 879 Britanniarum
772 813 928 890 advenisse,
950 817 980 878 St
1000 813 1154 897 Helenam,
1178 836 1228 879 ne·

197 921 285 991 ptem
309 905 395 970 ducis
408 905 508 979 Ho‘e'li,
530 900 704 986 custodibus
720 899 850 983 ejusdem
870 901 1014 987 eripuille,
1037 903 1067 964 8ι
1089 905 1119 965 ln
1141 923 1229 966 cacu-
1343 899 1345 904 ’

190 1014 273 1057 men
288 995 406 1068 montis,
429 993 484 1077 qui
499 1009 579 1056 nunc
592 990 746 1055 Michaelis
761 991 882 1067 dicitur,
905 1010 975 1053 cum
998 989 1048 1052 illa
1069 989 1226 1076 diffugisse,

199 1081 262 1145 dte.
307 1081 356 1144 De
368 1080 474 1143 eodem
487 1093 619 1165 gygante
632 1077 671 1141 ab
682 1079 812 1141 Artorio
826 1075 995 1142 interfecto.

245 1172 289 1232 At
303 1168 427 1243 Bobius,
449 1169 491 1230 ob
504 1164 603 1230 caium
617 1162 676 1228 luae
690 1167 797 1250 neptis,
812 1164 913 1242 tristis,
930 1166 1067 1249 praecepit
1080 1165 1227 1230 adificare

199 1255 352 1319 bafilicam
366 1253 452 1340 super
462 1273 572 1340 corpus
586 1251 676 1336 ipfius
687 1253 719 1315 in
729 1268 831 1316 monte
840 1255 1037 1336 quojacebat,
1049 1256 1103 1337 qui
1115 1275 1225 1320 nomen

199 1364 242 1406 ex
265 1343 384 1407 tumulo
407 1342 513 1427 puella
535 1341 639 1406 nanus
655 1342 931 1429 TumbaHelenae¹
943 1338 1036 1428 usque
1055 1344 1087 1407 in
1107 1341 1227 1406 hodiem·

199 1451 276 1496 num
290 1432 371 1495 diem
384 1447 515 1511 vocatur.

266 1577 319 1637 Etr
331 1575 410 1658 εαρο.
427 1575 472 1639 6⁰.
486 1577 517 1640 in
534 1595 589 1729 qgo
596 1570 885 1726 fflmbtgbssgubta
897 1571 977 1636 inter
989 1574 1160 1652 Arretium,

245 1785 325 1850 Inito
338 1785 440 1868 itaque
451 1785 602 1871 congressu
618 1782 811 1857 debilitantur
824 1784 988 1850 britones.
1018 1779 1225 1852 Chimmarho·
1358 1817 1362 1826 ·

200 1893 262 1958 gns
284 1871 451 1956 siquidem,
464 1873 567 1938 consul
579 1874 734 1959 Trigeriae‚
757 1893 813 1937 nec
826 1893 888 1938 non
908 1877 938 1937 ἃ
957 1873 1021 1937 duo
1041 1876 1134 1938 millia
1154 1893 1225 1942 cum

201 1983 241 2024 eo
254 1977 442 2026 corruerunt.
872 1973 875 1984 ’
1025 1998 1029 2025 ι
1148 1995 1150 2007 =

247 2051 341 2112 Tunc
355 2050 385 2112 &
400 2050 512 2113 Lucius
527 2050 697 2132 imperator,
719 2048 799 2113 iutra
813 2063 926 2114 turmas
940 2065 1112 2131 occupatus,
1128 2048 1223 2133 cujus·
1237 2053 1268 2132 ,L-
1279 2053 1382 2132 Tiberii,

202 2137 275 2294 gam
295 2137 398 2204 lancea
416 2136 564 2201 confoilus
586 2137 708 2214 interiit,
730 2138 788 2202 &c
834 2141 883 2201 De
904 2135 988 2202 foeda
1010 2139 1070 2204 Ro.
1096 2137 1170 2225 fuga
1195 2130 1387 2234 &Lffffissffim

229 2245 262 2288 1'2
284 2245 311 2288 e·
1237 2250 1379 2302 Recedet.

249 2246 413 2393 [gTibetius
425 2313 579 2377 Maritium
589 2315 798 2396 imperatorem
806 2309 888 2390 fecit,
904 2333 1070 2397 parumque
1082 2312 1148 2399 post
1159 2335 1224 2380 mo·

202 2400 284 2464 tiens
299 2400 379 2464 bona
391 2421 463 2484 pace
477 2401 591 2484 quievit
607 2421 687 2464 anno
700 2398 752 2464 Di.
769 2403 862 2484 584·]

247 2491 415 2552 Nuntiatur
447 2489 474 2552 ei
497 2487 689 2562 Modredum‚
717 2503 868 2573 nepotem·
885 2484 983 2563 suum,
1011 2487 1096 2568 cujus
1125 2491 1227 2556 tutelae
1302 2481 1314 2508 ”

203 2573 392 2640 commiserat
415 2578 604 2653 Britanniam,
627 2572 756 2659 ejusdem
770 2575 947 2652 diademate,
970 2596 1023 2660 per
1043 2579 1229 2660 tyrannidem
1261 2594 1265 2599 “
1374 2605 1378 2616 ’

204 2668 235 2728 ut
251 2666 461 2751 proditionem,
484 2663 658 2749 insignitum
677 2662 743 2741 effe,
766 2666 948 2749 &reginam
969 2666 1226 2744 Guenl'rumeram,

196 2746 319 2816 'violato
333 2755 403 2835 jure
420 2754 556 2839 priorum
574 2752 757 2839 nuptiarum,
779 2752 876 2817 eidem
897 2750 1026 2817 nefanda
1040 2752 1154 2819 Venere
1175 2778 1227 2822 co·

225 2841 338 2905 ulatam
352 2840 419 2905 elie.
741 2838 744 2843 ⁴
1230 2848 1235 2855 ’

203 2863 225 2926 P
249 2928 415 2993 Praedidlus
438 2942 540 2993 autem
564 2925 794 2994 sceleratissimus
819 2926 956 3013 proditor
984 2926 1034 2992 ille
1057 2928 1226 2995 Modredus

203 3016 390 3094 Chelricum,
407 3020 559 3081 Saxonum
573 3017 690 3093 ducem,
712 3018 744 3081 in
758 3018 949 3080 Germaniam
963 3016 1120 3093 direxerat,
1144 3033 1179 3080 ut
1192 3020 1226 3081 in
1303 3066 1305 3071 .

203 3104 256 3168 illa
269 3101 463 3188 quoscunque
478 3106 568 3188 pollet
590 3104 739 3169 allociaret
757 3103 822 3183 libi,
846 3108 877 3169 ὃς
890 3104 1031 3170 affociutis
1045 3100 1235 3191 quitatem--

202 3212 266 3277 que
280 3194 387 3255 iterum
401 3192 540 3257 citiffimis
553 3193 624 3255 velis
640 3194 762 3256 rediret.

248 3281 291 3342 At
313 3279 372 3355 ille,
403 3279 524 3363 p'eracio
548 3279 638 3364 ipstus
661 3293 819 3365 praecepto,
840 3278 1017 3367 octingentis
1036 3278 1161 3346 nauibus
1179 3302 1227 3346 ar·

202 3369 292 3433 matis
306 3370 432 3452 Paganis
447 3369 543 3453 plenis
560 3368 755 3453 applicuerat.
1001 3432 1003 3438 ,

248 3453 448 3520 Alluciaverat
468 3477 593 3541 quoque
616 3455 672 3520 nbi
697 3460 828 3533 Scottos,
849 3455 957 3532 Pictos,
979 3458 1011 3519 8:
1031 3454 1227 3541 quoscunque
1246 3466 1304 3535 mg.
1317 3484 1358 3533 st·

202 3541 329 3607 callebat
351 3542 483 3608 habuiffe
506 3542 592 3608 suum
606 3545 787 3609 avunculum
807 3544 890 3608 odio.
935 3548 1028 3610 Erant
1050 3560 1150 3609 autem
1169 3566 1226 3609 nu·

203 3653 290 3695 mero
313 3630 490 3714 odiuoginta
507 3633 609 3708 millia,
630 3647 691 3695 tam
705 3635 905 3717 Paganorum,
928 3652 1020 3719 quam
1043 3630 1226 3699 Christiano·

203 3740 287 3795 rum,
309 3738 439 3803 quornm
461 3720 573 3783 auxilio
596 3717 700 3796 fretus,
724 3722 755 3782 ἃ
775 3741 908 3805 quorum
928 3721 1120 3785 multitudine
1134 3724 1226 3785 comi·

205 3822 298 3883 tatus,
321 3806 468 3883 Arthuro,
490 3808 522 3870 in
536 3808 651 3892 Rutupi
669 3823 791 3891 portum
806 3808 979 3892 applicanti,
1001 3808 1119 3873 obviam
1133 3812 1224 3891 venit,
1233 3816 1324 3895 [sand-

205 3898 247 3971 ἃ,
269 3892 421 3958 commisso
436 3895 554 3977 proelio,
577 3896 738 3959 maximam
752 3895 879 3980 llragem
898 3895 982 3959 dedit
997 3896 1225 3981 applicantibus.
1237 3882 1319 3953 wien]

203 3978 377 4067 Auguselus
400 3983 520 4058 etenim,
543 4002 598 4047 tex
615 3983 761 4071 Albaniae,
784 3986 814 4047 ἃ
831 3982 998 4069 Galganus,
1020 4004 1114 4067 nepos
1134 3986 1226 4071 regis,

203 4091 276 4135 cum
298 4068 560 4135 innumerabilibus
583 4070 647 4134 aliis
665 4073 696 4134 in
716 4072 764 4135 die
778 4070 827 4134 illa
847 4072 1029 4149 ceciderunt,
1051 4074 1108 4138 dte.
1152 4076 1226 4161 Qu

203 4156 298 4243 padio
311 4159 452 4223 Artorius
466 4158 567 4223 littore
581 4158 864 4225 natt0M0dredum
878 4156 1017 4224 cumsuis
1029 4157 1191 4245 fugaverit.
1223 4162 1225 4171 ’
1279 4222 1281 4227 .

249 4248 392 4311 Periurns
413 4267 487 4331 ergo
509 4247 569 4323 ille,
591 4251 732 4310 reuocatis
752 4247 887 4331 undique
901 4246 969 4323 suis,
993 4244 1123 4334 sequenti
1138 4248 1228 4315 nodie

202 4334 401 4398 Guintoniam
412 4334 554 4419 ingrellus
567 4333 619 4399 est.
681 4335 742 4397 uod
757 4349 792 4398 ut
805 4334 1024 4399 Guenhumerae
1034 4338 1228 4421 reginaununn.

203 4425 315 4486 tiatum
329 4420 382 4497 est,
397 4420 551 4486 confestim
562 4421 616 4487 fibi
630 4422 651 4485 d
680 4444 785 4506 perans
799 4424 838 4485 ab
851 4424 989 4487 Eboraco
999 4424 1037 4486 ad
1049 4424 1154 4489 urbem
1166 4427 1227 4488 Le·

198 4512 331 4595 gionum
345 4508 480 4599 ditl'ugit,
500 4526 593 4600 atque
610 4510 770 4600 intemplo
782 4510 857 4599 Julii
878 4513 1014 4593 martyris
1027 4514 1107 4578 inter
1120 4532 1226 4663 mops-
1308 4516 1310 4520 “

721 4615 723 4619 ’
1157 4618 1238 4665 eus
