3392 5300
316 520 403 617 frat
657 528 959 611 Joatturs
1009 526 1333 595 nunaunt

478 656 588 742 ligans,
610 658 747 739 quamvis
761 676 815 719 nec
829 654 902 717 dum
917 669 1105 739 regeneramt
1128 650 1304 737 (urserunt)
1328 654 1360 717 iu
1376 652 1508 733 chrisio,

480 747 564 831 quia,
580 742 603 807 st
616 742 733 826 cepisset
743 740 878 815 insulam,
893 755 1035 824 quartam
1049 756 1162 824 partem
1176 742 1240 823 ejus
1256 742 1341 805 fimnl
1352 744 1385 807 dr
1401 744 1510 827 prate

482 832 606 900 domino
620 833 713 894 daret.
758 830 851 916 Qod
870 831 911 891 ita
925 826 1021 904 solvit,
1045 846 1079 892 ut
1106 830 1182 893 hanc
1197 826 1342 893 wilfrido
1355 830 1509 915 episcopo,

444 968 449 979 .
482 922 537 1003 qui
561 936 632 981 tunc
650 916 730 981 sorte
753 919 792 979 de
816 920 906 1002 gente
932 913 981 979 sua
1003 914 1207 999 supervemens
1232 916 1341 993 aderat,
1365 920 1512 989 utendam

280 1025 285 1029 ·
319 1006 463 1089 Venami·
481 1028 539 1091 pro
566 1006 691 1069 domino
713 1002 843 1071 offerret.
887 1003 939 1067 Eli
961 1020 1060 1067 autem
1083 1000 1216 1069 mensura
1237 1001 1372 1083 ejusdem
1396 1004 1509 1081 insulae,

320 1076 434 1160 ‘ml-“⁰⁰
477 1096 570 1177 juxta
579 1093 804 1157 aestimationem
813 1090 990 1175 anglorum,
1002 1090 1082 1157 mille
1093 1092 1290 1155 ducentarum
1303 1088 1511 1167 familiarum

463 1231 467 1241 ,
483 1182 564 1247 unde
574 1169 643 1246 data
652 1178 695 1245 est
709 1177 849 1263 episcopo
862 1176 991 1261 possessio
1006 1196 1090 1245 terra
1099 1193 1299 1247 trecentarum
1312 1177 1509 1249 familiarum.

482 1272 527 1333 At
551 1265 611 1353 ipse
635 1283 759 1349 partem,
782 1286 875 1352 quam
896 1282 1058 1349 acceperat,
1086 1265 1303 1335 commendauit
1323 1268 1450 1333 cuidam
1475 1268 1511 1333 de

483 1356 608 1433 clericis,
639 1355 690 1419 cui
712 1371 773 1419 erat
802 1374 912 1417 nomen
932 1355 1108 1431 Beornuine,
1145 1354 1188 1431 (a
1209 1371 1273 1417 erat
1297 1353 1377 1422 filius
1403 1351 1511 1421 sororia

485 1446 564 1527 ejus)
586 1443 663 1507 dans
688 1442 731 1507 illi
753 1440 959 1525 presbyterum
983 1444 1102 1505 nomine
1125 1441 1247 1516 Hildila,
1277 1442 1333 1525 qui
1354 1443 1510 1519 omnibus,

484 1532 540 1615 qui
567 1526 670 1598 salrarl
696 1529 816 1603 uellent,
846 1530 968 1597 verbnm
988 1550 1021 1591 ac
1049 1530 1198 1593 lavacrum
1221 1531 1288 1593 vitae
1316 1526 1510 1595 ministraret.

484 1619 545 1693 Ubi
561 1616 677 1683 filentio
689 1616 928 1703 pratereundum
943 1614 998 1679 esse
1015 1637 1075 1679 non
1095 1636 1174 1693 reor,
1196 1616 1291 1701 quod,
1314 1617 1510 1703 inprimitiar

482 1726 586 1781 eorum
609 1706 663 1789 qui
678 1704 715 1769 de
729 1704 832 1771 eadem
846 1700 939 1769 insula
953 1703 1102 1769 credendo
1121 1702 1223 1767 salvati
1247 1700 1326 1781 sunt,
1349 1704 1416 1769 duo
1436 1704 1512 1791 regii

322 1793 444 1851 matus
484 1795 581 1879 pueri,
605 1790 710 1856 iratres
724 1790 858 1855 videlicet
869 1791 997 1857 Arualdi
1014 1792 1089 1875 regis
1103 1788 1214 1868 insulae,
1236 1788 1350 1880 speciali
1364 1788 1438 1856 sunt
1454 1792 1511 1859 Dei

323 1860 464 1974 ἔξω
484 1883 579 1967 gratia
605 1881 751 1946 coronati.
796 1879 962 1961 Siquidem,
985 1878 1207 1945 imminentibus
1232 1877 1334 1941 insulae
1361 1878 1510 1956 hostibus,

323 1958 396 2050 Vati.
485 1966 558 2053 suga
571 1967 644 2052 lapsa
666 1965 734 2031 sunt
754 1966 793 2029 de
806 1962 909 2042 insula,
933 1968 992 2031 &a
1012 1966 1178 2049 proximam
1196 1963 1209 2015 ⁵
1228 1966 1372 2030 Vitorum
1391 1970 1510 2051 provin-

472 2060 560 2121 ·clnm
577 2054 719 2131 nuntiati.
762 2054 825 2117 Ubi
843 2074 913 2118 cnm
935 2054 1026 2117 delati
1047 2055 1078 2116 in
1099 2054 1198 2117 locum
1214 2055 1268 2139 qui
1283 2070 1409 2119 vocatur
1433 2068 1446 2102 c
1463 2056 1510 2119 Ad

485 2143 616 2227 lapidem
636 2141 829 2207 occultandos
854 2140 882 2205 se
912 2139 929 2205 i
955 2140 1030 2207 sarie
1057 2142 1134 2225 regis
1153 2140 1273 2206 viciatis
1305 2141 1508 2217 credidissent,

484 2231 597 2318 proditi
611 2227 689 2307 sunt,
712 2245 803 2314 atque
817 2227 833 2277 s
846 2229 933 2293 occist
945 2229 1023 2311 julli.
1067 2230 1160 2313 Qud
1184 2250 1255 2294 cum
1276 2229 1402 2295 audisset
1418 2231 1510 2295 abbas

485 2320 609 2402 qnidam
624 2318 654 2383 δι
668 2317 831 2401 presbyter,
855 2316 1003 2385 vocabulo
1018 2316 1193 2392 Cineberth,
1215 2317 1327 2380 habens
1343 2338 1405 2381 non
1421 2318 1510 2403 longe

324 2403 473 2466 warte.
486 2408 525 2473 ab
547 2406 618 2472 inde
630 2404 789 2484 monaster:
800 2406 839 2482 in
853 2405 930 2479 loco,
953 2408 1007 2489 qui
1026 2423 1149 2469 vocatur
1163 2402 1345 2482 Rendsorde,
1369 2406 1390 2467 i.
1406 2426 1435 2470 e.
1464 2427 1509 2505 va·

845 2517 847 2523 '
883 2516 886 2525 ⁴
909 2506 1044 2559 Cednaiiam
1126 2513 1129 2522 “

356 2568 366 2589 ⁰
486 2572 563 2639 dum
578 2564 740 2651 arundinis,
762 2575 842 2637 venit
858 2573 896 2635 ad
914 2595 1025 2659 regem,
1049 2576 1102 2660 qui
1119 2590 1190 2639 tunc
1203 2570 1312 2639 eisdem
1326 2573 1357 2639 in
1373 2575 1510 2657 partibus

485 2665 621 2727 occultus
635 2663 795 2726 curabatur
809 2661 827 2726 ai
840 2663 1022 2737 vulneribus,
1038 2683 1106 2746 quae
1120 2667 1147 2726 ei
1165 2661 1417 2727 inflictasnerunt
1432 2685 1510 2748 proe-

447 2799 449 2805 .
486 2751 571 2814 litati
586 2752 615 2813 in
630 2747 724 2814 insula
734 2748 848 2824 Veiiae
874 2749 1093 2835 postulavitque
1106 2751 1145 2814 ab
1161 2771 1207 2826 en,
1223 2766 1268 2828 ut,
1284 2750 1305 2814 fi
1321 2752 1510 2824 neeesleesset

486 2857 595 2920 pueros
610 2838 746 2910 interfici,
770 2841 851 2919 prins
864 2859 914 2902 eos
935 2839 1033 2902 liceret
1057 2837 1126 2902 fidei
1141 2837 1312 2904 Chrisii'anae
1326 2833 1510 2904 sacramentis
1558 2879 1559 2910 r

325 2935 475 3054 Linquor,
487 2914 595 2989 imbui.
641 2924 787 2992 Concedit
808 2947 871 2999 rex,
896 2922 999 3010 &ipse
1013 2925 1171 2990 instrusioe
1190 2947 1241 2990 eos
1261 2925 1354 2993 verbo
1368 2929 1508 3006 veritatis,

326 2999 454 3114 ,35³³
488 3033 522 3077 ae
547 3011 632 3077 sonte
651 3011 801 3085 salvatoris
826 3011 956 3089 ablutos,
980 3014 1017 3078 de
1040 3014 1167 3098 ingressu
1190 3016 1273 3098 regni
1291 3014 1398 3078 aeterni
1414 3032 1510 3080 certos

325 3129 424 3196 nm]
488 3100 630 3177 reddidit.
675 3103 812 3184 Moxque
827 3101 871 3164 iili
891 3099 1014 3165 instante
1028 3100 1165 3164 carnifice
1178 3117 1303 3166 mortem
1317 3102 1378 3167 laeti
1397 3099 1510 3182 subiere

288 3242 294 3252 .
402 3245 407 3250 .
489 3190 692 3270 temporalem,
716 3209 769 3272 per
792 3209 884 3271 quam
907 3185 935 3252 se
958 3187 996 3250 ad
1017 3191 1108 3258 vitam
1133 3190 1237 3252 animae
1252 3205 1428 3273 perpetuam
1443 3213 1509 3265 non
1558 3201 1559 3214 ¹

489 3277 633 3360 dubitant
648 3276 703 3338 esse
718 3276 899 3340 'transrturna
945 3279 1011 3340 Hoc
1025 3297 1098 3360 ergo
1112 3277 1217 3340 ordine
1234 3276 1391 3364 poslqnam
1406 3299 1510 3342 omnen
1558 3317 1559 3334 .

488 3366 707 3441 Britanniamm
734 3365 892 3446 provinciae
916 3363 1006 3429 fidem
1030 3361 1228 3448 susceperant,
1262 3361 1386 3515 susccgit
1411 3367 1442 3428 dt
1468 3369 1509 3432 in·
1558 3407 1559 3426 r

471 3448 551 3531 ,sula
565 3452 669 3516 Vesia.
697 3456 731 3522 In
743 3473 804 3535 qua
816 3470 924 3528 tamen,
939 3453 980 3514 ob
992 3470 1154 3514 aerumnam
1165 3469 1296 3524 externae
1307 3448 1340 3515 sn
1358 3451 1509 3534 jesiionis,
1558 3445 1559 3506 ἶ

490 3560 580 3618 nemo
592 3540 736 3624 gaudium
751 3539 904 3615 ministerii
927 3559 961 3602 ac
980 3537 1054 3610 sedis
1069 3537 1239 3624 episcopalis
1254 3554 1324 3618 ante
1338 3528 1508 3620 Danielem,

489 3629 543 3711 qui
567 3648 645 3690 nnnc
660 3629 764 3690 Occid:
788 3630 940 3691 Saxonum
962 3625 1004 3690 esi
1024 3623 1188 3713 episcopus,
1214 3629 1337 3710 accepit.
1383 3631 1448 3693 Sita
1469 3628 1510 3709 est

228 3750 230 3770 r
327 3706 589 3781 sciemus-autem
609 3714 672 3777 haec
687 3713 779 3795 insula
801 3728 905 3778 contra
926 3715 1061 3778 medium
1078 3713 1261 3778 Australinm
1278 3718 1348 3778 Saxa
1374 3715 1510 3783 &Geni
1558 3725 1559 3786 l

439 3807 442 3811 ’
488 3799 600 3876 sorum,
616 3802 788 3885 interposito
799 3799 1081 3884 pengolatirudiuts
1094 3805 1185 3866 trium
1194 3803 1321 3879 milium,
1330 3804 1413 3887 quod
1426 3827 1511 3870 voca·
1558 3789 1559 3862 i

310 3910 312 3919 ’
402 3916 403 3919 “
490 3904 540 3952 tur
551 3887 679 3954 Solunte.
708 3893 743 3952 In
757 3909 822 3972 qno
831 3889 969 3952 videlicet
978 3889 1083 3973 pelago
1091 3889 1155 3954 bini
1169 3889 1256 3954 astus
1264 3895 1378 3968 oceani,
1388 3893 1446 3976 qui
1456 3897 1508 3958 cir·
1558 3913 1559 3974 t

489 3996 560 4039 cum
572 3977 812 4055 Britanniamlex
825 3977 943 4040 infinito
963 3997 1077 4043 oceano
1091 3979 1315 4061 Septentrinnali
1334 3998 1509 4064 emmpunt,
1558 4001 1559 4004 ’

324 4061 606 4193 ,ῧῗιὲῑῶθζΐιδίωεῑ
623 4063 746 4128 invicem
760 4065 896 4148 quotidie
909 4081 1140 4148 compugnantem
1159 4083 1332 4141 occurrunt,
1354 4068 1435 4132 ultra
1456 4071 1510 4136 hn-

327 4195 454 4324 ilicdili'
488 4237 832 4324 Genisorumpertinent,
841 4243 999 4322 praesatum
1005 4241 1127 4326 pelagus
1140 4245 1266 4326 fintrat5
1281 4241 1428 4346 finitoque
1437 4265 1507 4320 con·

327 4327 457 4394 ,armna
488 4326 585 4404 flictu,
609 4328 639 4392 in
653 4327 911 4410 oceanumresnsr,
933 4331 1013 4404 uude
1027 4348 1176 4408 venerant,
1199 4331 1338 4409 redeam,

326 4407 407 4457 tsnaer

1108 4441 1112 4452 t

476 4534 485 4551 ‹.
522 4501 583 4557 ain
596 4501 741 4574 proximam
759 4502 793 4565 at,
864 4500 953 4564 intr
972 4505 1061 4565 {sistra¹
1075 4462 1203 4563 trinitat
1222 4507 1385 4575 θηρῶντι,
1412 4513 1445 4569 aa
1466 4512 1507 4566 rte

489 4569 597 4629 §arnnp'
620 4569 715 4623 ,muffet
735 4567 805 4643 inparis
825 4567 966 4633 Staplrtomrr
986 4569 1008 4619 r'a
1028 4568 1129 4635 margine
1149 4566 1263 4640 verfionr'r.
1362 4572 1509 4640 rAEtfeapre

488 4630 550 4704 pers.
562 4632 664 4698 Adur,
680 4632 771 4699 (Ἐξ.
809 4632 922 4704 sossi&
939 4633 972 4704 pl,
1038 4633 1260 4700 elntmntM82·
1443 4647 1444 4654 ¹
1478 4669 1485 4682 .

491 4150 582 4215 stium
593 4151 807 4227 fluaHamelea‚
818 4153 902 4236 quod
914 4173 966 4235 per
977 4154 1299 4238 terrathtarumquae
1310 4155 1347 4219 ad
1357 4158 1510 4240 regionem
1558 4187 1559 4210 2

1462 4703 1559 4778 ΕΓ
