3392 5300
223 494 229 504 ‘
319 502 1217 595 anrronnn11connnerartnar·
1327 533 1366 598 13

268 640 314 701 Os
324 637 404 701 enim
419 635 499 698 tihiae
511 632 602 717 iphus
616 630 787 716 appofitum
801 629 960 714 longissimi
974 633 1031 695 viri
1046 649 1093 696 :aa
1104 619 1249 716 quoniam

220 727 258 790 ἃ
273 726 359 789 nobis
376 723 467 787 abbas
480 721 619 796 ostendit,
642 723 672 782 ἃ
682 721 771 800 juxta
794 719 902 802 pedem
917 719 997 782 illius
1013 731 1100 782 ter'rae
1111 721 1249 784 adfixum

224 813 310 897 large
324 812 419 875 tribus
434 812 536 894 digitis
549 825 627 872 trans
636 828 715 891 genu
727 805 820 890 ipsrus
830 804 859 868 se
872 809 1016 889 porrexit.
1046 809 1089 872 Os
1100 805 1189 876 ctiam
1199 829 1249 871 ca·

226 903 299 985 pitis
322 915 464 982 tanquam
485 896 523 960 ad
546 897 728 980 prodigium,
751 895 798 957 vel
819 893 979 968 ostentum,
1003 916 1098 977 capax
1121 899 1370 976 erat,&Pag.1n.

223 989 359 1072 grossum
384 987 470 1060 adeo,
493 1000 538 1062 ut,
565 983 766 1046 intercilium
788 983 819 1044 ἃ
842 984 919 1044 inter
938 982 1054 1057 oculos,
1086 981 1099 1030 ⁶
1120 981 1248 1066 spatium

226 1061 387 1159 pah'naicm
401 1071 630 1156 amplitudinem
649 1070 729 1154 large
743 1070 919 1133 contineret.
963 1070 1157 1153 Apparebant
1169 1074 1249 1135 enim

210 1165 260 1237 jn
274 1163 332 1225 hoc
345 1159 469 1224 vulnera
483 1160 596 1235 decem,
606 1227 609 1233 ,
619 1174 674 1222 aut
691 1159 787 1241 plura,
809 1175 880 1240 quae
892 1156 1002 1220 cuncta
1022 1174 1128 1240 praeter
1142 1179 1247 1236 unum,

226 1252 324 1331 majus
337 1251 454 1323 ceteris,
469 1248 554 1330 quod
570 1247 686 1310 hiatum
700 1244 844 1329 grandem
858 1242 979 1320 fecerat,
994 1246 1140 1328 quodque
1150 1243 1248 1312 solutu

225 1337 324 1402 laetale
336 1335 421 1400 suisio
433 1336 601 1411 videbatur,
627 1335 659 1396 in
673 1330 797 1396 solidam
808 1346 820 1379 ⁶
833 1348 1034 1396 convenerant
1048 1335 1226 1400 cicatricem.

686 1440 691 1464 s

272 1510 472 1579 Theobaldus
486 1505 626 1574 Blesensrs
641 1529 741 1574 comes
758 1503 940 1595 Campaniae,
962 1510 1086 1574 Henrici
1108 1510 1197 1596 primi
1209 1529 1250 1576 ex

223 1599 328 1675 sorore
340 1621 443 1684 nepos.
689 1622 691 1629 ¹

458 1688 541 1770 Epir:
558 1684 707 1749 theobaldi
719 1687 830 1749 cernitis
843 1688 1015 1767 Campaniae.

314 1774 490 1852 Eknomos,
511 1794 614 1838 comes
627 1775 677 1835 iile
695 1776 762 1856 pius
778 1775 978 1838 Theohaldns
993 1787 1068 1852 erat,
1090 1794 1184 1859 quem
1254 1832 1259 1844 ,

360 1863 480 1926 Gaudet
499 1863 608 1926 habere
623 1863 709 1944 polus
723 1887 732 1923 r
756 1874 833 1924 terra
846 1883 945 1925 carere
959 1863 1052 1926 dolet.

313 1955 386 2018 Non
399 1951 549 2014 hominem
565 1951 690 2033 possum,
712 1969 773 2011 non
792 1950 891 2012 audeo
905 1950 1003 2022 dicere
1017 1971 1138 2013 numen.

359 2041 444 2102 Mors
458 2039 565 2120 prohat
579 2039 662 2111 hunc
676 2037 839 2114 hominem,
863 2040 924 2100 vita
937 2036 1022 2101 fuisse
1036 2039 1137 2102 deum.

291 2199 295 2206 ¹
317 2129 417 2191 Trans
426 2127 589 2201 hominem,
599 2129 734 2207 citraque
744 2126 846 2200 deum,
863 2126 931 2208 plus
940 2126 1009 2201 hoc,
1022 2128 1120 2190 minus
1129 2123 1227 2189 illud:

357 2213 548 2298 nescioquis
563 2229 668 2278 neuter
682 2215 759 2284 inter
772 2228 937 2300 utrumque
951 2211 1021 2280 suit.

270 2390 400 2453 Proinde
424 2403 520 2454 totum
539 2390 621 2473 regni
635 2385 679 2452 sui
692 2387 793 2463 decus,
808 2386 893 2470 quod

223 2479 309 2561 apud
332 2473 543 2543 Annewicensc
567 2472 803 2539 cathum'fimul
823 2495 894 2539 curn

227 2565 348 2650 oppidis
371 2565 470 2629 electis
498 2564 598 2627 hostili
617 2565 759 2627 conflictu
788 2577 893 2646 captus

224 2658 302 2724 olim
326 2652 462 2716 amiserat
494 2654 606 2732 (Scotia
632 2654 754 2735 quidem
779 2652 798 2714 d
819 2669 892 2714 tem-

227 2763 302 2825 pore
327 2742 445 2803 Claudii
467 2737 587 2804 Caesaris
612 2739 706 2823 usque
726 2757 798 2803 tunc
817 2761 911 2824 regno
925 2743 1096 2803 Britannico
1117 2762 1177 2805 non
1194 2762 1248 2805 ex·

226 2828 335 2892 istente
354 2826 495 2910 suhjcsta)
518 2828 557 2902 ab
573 2831 741 2913 Anglornm
761 2850 830 2911 rege
845 2845 917 2891 tunc
931 2845 1070 2913 regnante
1085 2830 1248 2907 Richardo,

227 2918 330 2980 divina
344 2916 497 2996 &justitia
511 2915 667 2999 utriusque
681 2919 822 3001 principis
838 2937 901 2977 uno
918 2914 1043 2978 infacto
1058 2920 1162 2979 merita
1177 2939 1248 3000 pen-

227 3002 320 3080 sante,
343 3007 439 3086 pretio
458 3004 589 3087 pecuniae
603 3003 675 3067 dato
699 3019 892 3086 praetereunte
905 3001 982 3066 selici
998 3004 1112 3085 sibique
1132 3003 1249 3089 suisque

228 3094 409 3156 commercio
433 3093 586 3175 (quoniam
610 3094 640 3153 in
665 3091 832 3155 Christiano
853 3104 988 3154 nontam
1003 3093 1132 3169 initium,
1155 3114 1248 3176 quam

227 3180 297 3253 finis
315 3177 437 3261 spedtari
462 3178 548 3262 solet)
571 3201 635 3244 rem
656 3179 879 3263 impretiabilem
905 3177 919 3225 d
941 3180 1038 3241 *viro
1059 3182 1249 3262 magnanimo

228 3270 427 3349 recuperavit.
463 3271 627 3352 <Honorem
649 3266 735 3331 suurn
758 3270 788 3329 a<
809 3268 894 3351 regni
916 3264 969 3341 sui,
991 3286 1081 3349 quem
1098 3269 1248 3349 perditum

228 3375 299 3420 ante
319 3354 336 3416 d
355 3376 425 3438 rege
447 3354 598 3417 Richardo
618 3372 847 3438 recuperaverat,
871 3374 922 3437 per
942 3353 1041 3417 fratris
1059 3352 1194 3435 ‚ejusdem
1218 3358 1248 3418 81
1273 3356 1275 3362 ’

231 3444 363 3525 proximi
377 3440 541 3507 successoris
559 3444 703 3525 impetum
719 3444 817 3505 Scotia
831 3442 933 3504 denuo
946 3439 1074 3515 subtrita,
1098 3444 1127 3505 ἃ
1142 3443 1249 3526 Anglis

229 3534 263 3591 in
278 3527 491 3609 subjectionem
506 3530 585 3604 data,
609 3533 640 3592 in
654 3528 734 3593 senio
748 3531 813 3609 jam
829 3529 1007 3595 constitutus
1021 3530 1135 3593 amisit:
1157 3531 1187 3592 8<
1198 3533 1248 3609 ju·

228 3638 314 3701 gum,
331 3617 414 3699 quod
430 3618 601 3691 excusserat,
615 3620 721 3681 iterum
736 3638 804 3680 cum
818 3618 945 3702 pudore,
963 3618 1116 3692 dedecore,
1139 3620 1249 3701 pariter

228 3725 264 3778 ac
278 3705 393 3779 dolore,
414 3702 580 3785 resumpfit.
1476 3774 1480 3779 p

294 3797 345 3855 Ex
349 3791 476 3874 stranda
498 3794 683 3869 Dssr'nciione
701 3793 770 3855 libri
782 3792 816 3856 de
829 3794 1009 3875 Institutione
1023 3794 1179 3875 Principis.
1260 3801 1368 3869 Pag.17.

273 3880 442 3962 Stephanus
455 3900 519 3954 rex,
543 3881 662 3942 Henrici
676 3882 764 3961 primi
777 3882 855 3963 regis
870 3902 909 3945 ex
922 3879 1019 3945 sorore
1033 3902 1137 3965 neposa

272 3983 286 4019 e
308 3973 326 4009 ⁴*
342 3967 519 4050 Stephanus,
542 3968 682 4050 Stephani
696 3971 772 4051 regis
786 3968 876 4034 filine.

390 4052 453 4104 filius
464 4052 574 4117 Stephani

272 4116 460 4195 Eustachius,
483 4117 609 4182 sororius
627 4119 772 4182 Ludovici
787 4122 863 4205 regis
878 4124 1070 4187 Francorum.

275 4207 454 4283 Gulielmus,
477 4209 582 4272 unicus
604 4207 687 4271 heres
708 4210 828 4271 Henrici
851 4212 939 4294 primi
959 4214 1035 4295 regis
1055 4211 1148 4296 Angla
1170 4232 1244 4276 nan·

225 4292 328 4379 fregio
340 4298 438 4379 periit,

973 2433 1412 2515 GulielmnarexScottorntn,

938 2519 1011 2586 dato
1025 2524 1121 2603 pretio
1131 2520 1232 2605 Anglo
1246 2520 1415 2586 libertatern

937 2611 1023 2695 regni
1039 2607 1081 2672 sui
1095 2609 1292 2694 recuperavit.

261 4486 275 4515 a
318 4484 373 4544 uem
381 4479 423 4534 pro
450 4453 640 4545 noniaminAff
651 4470 707 4545 Art..
749 4468 1052 4552 bpeestspatlumninAffi
1061 4474 1127 4548 Ανί.ι
1155 4474 1249 4523 cCon·

222 4546 348 4582 creveram
364 4552 387 4585 rr
399 4535 423 4583 A
442 4537 513 4597 Art,
557 4534 573 4598 s
587 4536 631 4602 ῌισ
641 4534 754 4616 asteriscus
770 4553 864 4589 amaru
874 4537 975 4593 Lelandr.
1025 4538 1174 4606 eAsterrscus
1190 4538 1247 4601 estd

226 4596 337 4665 oraru?
423 4609 425 4612 ·

1162 4678 1249 4745 Adeo
