3392 5300
313 467 663 559 Anrtounart
707 455 1146 540 eonnecran'an,
1273 507 1276 517 ·
1317 475 1370 556 ρι’

214 606 257 673 de
274 606 439 687 Sweinesei,
454 610 578 694 quod&
594 608 787 675 “Cambrice‘
795 608 932 678 Abertau
941 627 1076 691 vocatur,
1090 612 1112 678 i.
1119 619 1148 676 e.
1163 604 1246 677 casus
1280 590 1283 594 ⁵

215 702 293 761 Tau
311 699 364 763 flu.
380 699 625 785 pernoctavimus.
1339 702 1342 711 ‘

656 805 815 879 Lelandus.
985 855 992 864 s

263 890 326 955 Hic
348 893 442 957 muira
463 890 564 957 scribit
587 891 624 956 de
647 886 810 957 Heliodoro
833 890 1005 977 presbytero
1027 895 1166 970 Cambro,
1190 894 1246 978 qui

213 997 297 1133 puer
320 982 479 1045 duodecim
499 1001 645 1063 annorum
671 978 783 1065 spectra
807 984 997 1067 Pigmeorum
1020 981 1173 1045 familiaria
1191 985 1245 1046 ha·

240 1070 321 1132 ebat.
405 1074 432 1114 Ὃ
1131 1128 1136 1136 ,
1201 1135 1203 1138 ,

260 1154 467 1220 Transrvimus
483 1152 551 1221 inde
564 1154 662 1220 versus
677 1176 784 1239 aquam
799 1155 837 1219 de
849 1156 968 1220 Locher
981 1178 1034 1239 per
1049 1154 1242 1241 Campestria,

213 1244 372 1325 inquibus
388 1246 512 1319 Ho'elus,
531 1245 693 1319 Mereducii
706 1244 749 1306 nl:
767 1246 804 1307 de
816 1246 1028 1320 Brecheinauc,
1047 1245 1110 1326 post
1122 1242 1241 1309 obitum

212 1334 295 1414 regis
311 1335 431 1395 Henrici
446 1334 536 1416 primi
556 1335 671 1415 Anglos
685 1332 724 1395 de
738 1332 851 1395 finibus
871 1328 939 1408 illis,
962 1334 991 1394 8(
1006 1331 1115 1396 miiite's
1131 1334 1243 1395 multos

211 1420 339 1501 publico
364 1420 443 1481 belio
466 1418 616 1483 confectos
638 1421 795 1482 interemit.
841 1420 947 1481 Fluvio
969 1442 1040 1481 vero
1062 1422 1100 1482 de
1123 1422 1242 1484 Lochet

213 1504 391 1581 transcurso,
403 1507 454 1569 ¹vei
467 1504 660 1579 transvadato,
681 1508 805 1590 &aquis
820 1507 928 1589 postea,
951 1528 1020 1589 quae
1033 1509 1180 1571 Wandret
1194 1508 1242 1571 di·

213 1609 339 1669 cuntur,
359 1592 550 1670 transmeatis,
566 1597 603 1657 ad
619 1592 745 1658 castrum
761 1598 798 1657 de
813 1595 943 1658 Kidweli
959 1598 1005 1657 via
1019 1577 1095 1658 duce
1110 1598 1246 1679 perveni·

211 1702 293 1745 mur.
339 1686 373 1744 In
399 1684 532 1765 parribus
553 1683 612 1745 istis
636 1684 806 1767 Anglorum
831 1680 966 1766 [brege]
993 1686 1121 1752 Henrico
1141 1682 1242 1766 primo

213 1782 227 1815 ⁸
250 1769 362 1833 rebus‘'
374 1771 512 1833 humanis
526 1786 675 1853 exempto,
688 1770 759 1832 dum
772 1772 947 1857 Griphious,
963 1771 1052 1833 Rhesi
1063 1770 1148 1847 filius,
1163 1772 1240 1834 Sud-

212 1858 322 1919 walliae
338 1872 409 1921 tunc
423 1859 566 1942 princepe,
582 1860 611 1920 in
625 1858 840 1935 Nortwalliam,
858 1858 1003 1920 auxilium
1017 1874 1239 1941 corrogaturus,

212 1944 318 2019 intret,
342 1966 419 2008 uxor
434 1947 497 2026 ejus
512 1946 679 2008 Guenliana
702 1946 860 2029 (tanquam
873 1950 1059 2008 Amazonum
1075 1948 1186 2029 regina,
1208 1950 1240 2009 8<

212 2029 399 2097 Penthefilea
424 2032 563 2116 secunda)
599 2033 628 2096 in
658 2049 755 2117 partes
783 2026 1038 2096 ittasaeisercitum
1067 2034 1186 2107 ducem,
1222 2034 1241 2100 ti

211 2122 361 2185 Mauritio
376 2121 576 2183 Londonienfi
588 2137 662 2184 tunc
677 2122 810 2197 domino,
833 2122 863 2183 ἃ
873 2124 939 2183 viro
953 2124 1076 2206 egregio
1089 2121 1240 2185 Gaufrido

211 2207 338 2291 praesule
353 2206 577 2284 constabulario
601 2210 705 2271 bellico
726 2210 887 2271 certamine
901 2205 1046 2282 confecia,
1068 2208 1238 2271 dinterem-

212 2313 268 2379 pto
281 2294 393 2361 ibidem
410 2297 471 2359 filio
485 2300 547 2378 ejus
563 2300 721 2379 Morgano,
744 2298 773 2359 bc
792 2298 886 2359 altero
907 2296 1004 2378 capto,
1011 2294 1136 2379 ³scilicet
1151 2298 1240 2359 Maii·

211 2406 302 2469 gone,
335 2405 411 2466 quos
437 2406 544 2469 pueros
569 2383 666 2447 secum
692 2388 722 2446 in
747 2385 965 2466 expeditionem
989 2386 1238 2467 arroganter‘ad·

212 2470 365 2535 duxerat
384 2492 452 2537 cum
468 2474 531 2535 aliis
546 2473 660 2549 multis,
683 2468 744 2555 ipsa
761 2472 889 2535 demum
910 2471 988 2534 ferro
1002 2471 1130 2533 conioiia
1148 2488 1240 2557 caput

210 2559 322 2623 amisit.
1274 2570 1277 2577 '

257 2645 459 2713 Transeuntes
474 2648 540 2713 inde
554 2650 671 2734 navigio
686 2647 798 2712 flumen
814 2645 981 2723 Tewiense,
1002 2653 1033 2712 &
1045 2646 1143 2713 verius
1162 2652 1240 2713 Caer

207 2737 359 2814 ¹Merdhin
382 2737 439 2800 iter
454 2739 635 2820 arripientes,
657 2736 883 2820 Lundestephan
903 2740 932 2800 8<
948 2737 1099 2801 Talachar
1118 2739 1240 2802 marinis

210 2827 242 2888 in
259 2824 386 2907 scopulis
406 2841 417 2872 2
437 2827 531 2888 aliena
545 2827 732 2908 reliquimus.
776 2831 870 2888 Erant
884 2828 963 2888 enim
978 2826 1041 2887 haec
1057 2825 1119 2887 duo
1133 2823 1237 2902 castra,

211 2933 281 2995 quae
304 2907 430 2994 RhesuS,
453 2914 532 2977 filius
557 2914 707 2996 Griphini,
740 2911 805 2996 post
827 2913 946 2976 obitum
971 2912 1139 2997 Anglorum
1160 2916 1238 2997 regis

209 3003 334 3064 Hernici
351 2999 389 3066 2¹.
412 3003 487 3062 cina
501 3000 642 3080 insultum
665 3002 831 3084 occupavit.
876 3001 1003 3075 Deinde,
1028 3005 1184 3082 provinciis
1198 3003 1237 3063 de

209 3091 347 3154 Penbroc
371 3089 477 3150 &Ros
492 3089 632 3164 caedibus,
657 3089 808 3162 incendiis
832 3087 1152 3170 &depraedationibus
1174 3086 1369 3164 ferebam*
1403 3120 1407 3129 ¹
1456 3095 1458 3099 ’

140 3181 143 3188 ’
208 3177 388 3240 exterminio
412 3177 498 3250 datis,
528 3176 669 3239 frustrato
695 3178 849 3240 conamine
872 3176 1085 3239 Caennerdhin
1108 3175 1235 3244 obsedit.
1405 3173 1408 3177 ’

210 3269 302 3328 Sonat
318 3279 419 3326 autem
435 3265 645 3327 Caermerdhin
661 3266 730 3326 urbs
745 3265 878 3338 Merlini,
893 3264 1032 3347 eoquod,
1052 3266 1129 3344 juxa
1143 3264 1236 3328 histo·
1272 3290 1274 3295 ’

208 3353 283 3416 riam
297 3354 508 3427 Britannicam,
532 3352 573 3414 ibi
588 3374 626 3414 ex
642 3353 751 3413 incubo
765 3355 883 3434 genitus
894 3355 1030 3414 inventus
1044 3351 1141 3414 fuerat
1151 3354 1235 3415 Mer·

208 3439 299 3504 linus.
336 3437 388 3502 Est
403 3441 494 3524 igitur
510 3441 572 3501 haec
587 3440 659 3501 urbs
674 3439 807 3522 antiqua,
819 3439 986 3502 ‘coctilibus
999 3441 1102 3513 muris,
1125 3443 1236 3522 partim

209 3529 311 3591 adhuc
326 3530 506 3602 extantibus,
530 3529 648 3614 egregie
663 3526 768 3602 clausa,
792 3523 822 3588 su
827 3548 881 3610 per
901 3528 1035 3590 nobilem
1051 3527 1160 3592 Tewie
1178 3527 1237 3591 fiu-

208 3619 291 3681 vium
309 3615 373 3690 sita,
396 3609 480 3696 sylvis
494 3615 523 3677 dc
537 3618 626 3698 pratis
641 3617 804 3690 abundans,
842 3615 940 3678 Habet
954 3619 1159 3690 Cantermaur,
1176 3617 1233 3682 i.e.

209 3705 416 3766 Cantaredum
432 3723 583 3785 magnum,
606 3704 645 3765 ab
664 3707 787 3778 oriente,
811 3699 1087 3784 copiosasyiearum
1104 3703 1236 3767 conden·
1322 3775 1326 3780 ,

210 3790 295 3854 srtate
320 3791 452 3855 australis
474 3793 619 3853 Cambriae
643 3792 755 3853 civibus
778 3791 953 3854 turiffimum
969 3790 1134 3869 neceffrtate
1156 3790 1235 3855 refu·
1333 3822 1337 3827 ’

211 3881 308 3960 gium,
332 3879 385 3942 ubi
409 3877 578 3941 &castrum
595 3880 725 3942 Dinevor
745 3882 775 3940 in
795 3881 879 3941 collis
900 3877 1005 3943 excelsr
1020 3880 1128 3942 vertice
1150 3877 1236 3962 super
1273 3892 1276 3900 ‘

209 3967 263 4030 flu.
281 3969 389 4030 Tewie
401 3965 500 4040 snum,
515 3966 598 4048 quod
612 3965 641 4028 tc
656 3967 822 4048 principalis
835 3967 1005 4029 Sudwsiliae
1019 3968 1099 4030 curia
1111 3968 1231 4032 dicitur.

211 4057 341 4116 Fuerant
357 4056 523 4136 antiquitus
540 4072 597 4116 tres
613 4055 785 4136 principales
801 4055 830 4116 in
846 4054 952 4116 Gualia
967 4058 1075 4128 curiae;
1099 4054 1248 4126 Dinevor
1375 4051 1382 4060 '

210 4139 430 4224 ipSudwallia,
449 4139 605 4204 Aberfra'w
619 4143 648 4202 in
660 4141 844 4217 Nortwaiiia,
862 4140 982 4222 (scilicet
993 4143 1073 4226 apud
1086 4143 1232 4226 Moniam)
1306 4135 1310 4141 ’
1347 4198 1351 4203 .

210 4219 380 4290 innostra
403 4225 482 4312 apud
500 4225 680 4312 ‘Pengwerrr
704 4229 786 4323 quod
801 4250 881 4294 nunc
905 4229 1094 4313 Slopeiburia
1109 4231 1251 4303 dicitur„-
1289 4283 1294 4292 .
1317 4285 1322 4291 .

212 4319 304 4377 Sonat
318 4332 419 4380 autem
433 4317 600 4402 Pengwern
618 4317 823 4400 caput-alneti.
858 4347 863 4352 ·
1246 4347 1251 4354 ¹

234 4466 256 4498 -α
273 4450 371 4498 Cambri
386 4451 445 4500 MS.
478 4448 662 4583 bExiaaprth]
687 4452 869 4504 cBisoccurrit.
902 4441 1072 4522 diversunt,
1087 4455 1233 4519 interempto

624 4533 661 4569 ,Η

210 4504 295 4562 ibidem
320 4517 369 4566 dec.
391 4515 517 4571 adduxerat
533 4527 607 4586 parra

210 4595 237 4632 er
248 4578 346 4650 imprgffi
454 4611 458 4620 ·

671 4514 757 4590 irciufit
769 4519 872 4579 Erucius.
916 4536 929 4570 e
946 4521 975 4571 1..
995 4520 1079 4575 ateva
1093 4519 1257 4612 reliquimffi
1319 4573 1323 4583 .

1087 4625 1091 4632 ⁵
1138 4645 1235 4736 Juxta
