3392 5300
359 438 423 529 :gr
493 393 498 404 ’
669 429 973 514 Joauuts
1028 431 1348 500 nnnnnnr

538 568 732 655 Pririlegium
754 564 917 654 Augustini
938 585 994 648 pro
1006 566 1196 632 immunitate
1215 563 1383 633 nonasterii
1398 564 1512 636 Petri&

494 657 584 730 Pauli
597 657 807 722 confirmatum
822 653 968 737 plumbeo
980 653 1087 738 figillo.

540 749 628 812 Circa
643 747 706 808 haec
721 759 855 824 tempora
877 742 1000 827 quidam
1020 739 1091 804 civis
1113 739 1324 818 Londtnenfis,
1347 743 1388 808 ad
1405 741 1513 828 instiga·

496 838 608 900 tionem
622 836 698 917 regis
712 830 885 905 Ethelbriti,
908 828 1072 892 construxit
1094 828 1252 905 ecclesiam,
1275 830 1306 892 in
1322 831 1466 896 honorem
1483 833 1511 896 S.

485 916 579 990 'Petri
603 921 738 1005 apostoli,
760 920 792 981 in
815 916 994 981 occidentali
1020 929 1101 1000 parte
1124 915 1255 996 ejusdcm
1279 917 1363 982 urbir
1388 919 1513 998 inloto,
1551 902 1552 990 i

496 1013 551 1098 qui
569 1011 716 1089 Thorney
732 1022 803 1069 tuuc
818 1004 983 1071 dicebatur.
1068 1089 1071 1096 Δ
1551 991 1552 1010 ’

538 1094 758 1164 Annodomini
773 1094 848 1174 664.
865 1111 919 1157 rex
933 1094 1022 1156 Cant:
1040 1091 1356 1160 Ercombertusobiit.

856 1199 997 1260 niuoso.
1553 1235 1554 1270 p

539 1275 668 1342 circiter
688 1270 753 1334 haec
776 1282 913 1353 tempora
927 1270 1051 1354 quidam
1072 1267 1215 1334 Swebard
1231 1287 1294 1347 retr,
1318 1272 1372 1353 qui
1396 1291 1516 1355 regnum

495 1364 640 1430 cantun.
663 1360 807 1427 violenter
831 1357 1014 1433 obtinuerat,
1045 1355 1128 1420 dedit
1153 1357 1275 1431 Eabbae,
1310 1359 1461 1422 abbatissae
1483 1359 1515 1424 de
1554 1370 1555 1410 i

496 1449 633 1535 Minstre,
657 1468 726 1533 quae
741 1443 882 1530 praeceffit
896 1445 1012 1508 beatam
1027 1445 1216 1520 Misdredam,
1234 1460 1352 1521 terram,
1371 1467 1440 1528 quae
1454 1468 1517 1512 con·

497 1540 575 1607 tinet
589 1555 717 1604 xnttrr.
734 1550 895 1608 manentes,
911 1534 942 1596 in
955 1533 1022 1598 loco
1035 1534 1089 1618 qni
1103 1532 1213 1598 dicitur
1228 1533 1366 1618 Sudaney
1376 1535 1468 1615 juxta
1479 1538 1517 1600 in·
1555 1526 1556 1576 t

498 1625 594 1692 sulam
610 1626 648 1688 de
664 1624 800 1688 Thanet.
1556 1682 1557 1732 r

541 1711 679 1778 Oswinus
691 1731 747 1798 rex
761 1708 845 1773 dedit
855 1707 990 1771 Adriano
1004 1706 1104 1772 abbati
1117 1722 1225 1772 terram
1239 1709 1328 1772 unius
1343 1711 1444 1785 aratri,
1457 1729 1518 1794 qnae

499 1817 573 1866 tunc
596 1799 761 1885 pertinebat
783 1797 823 1861 ad
841 1797 955 1860 curiam
971 1797 1009 1859 de
1024 1797 1158 1882 Livingc‚
1182 1797 1213 1860 in
1228 1801 1292 1879 'qua
1315 1812 1392 1860 terra
1414 1795 1518 1864 solebat
1557 1838 1558 1870 r

496 1890 554 1955 csse
569 1890 648 1952 mina
661 1883 744 1950 ferri.
983 1949 986 1958 ,
1240 1931 1245 1938 ·

543 1975 739 2049 Bricwnldus,
754 1973 845 2037 abbas
858 1987 928 2034 tuuc
938 1968 1105 2036 monasterii
1121 1970 1159 2036 de
1169 1969 1343 2058 Reycuiver,
1354 1971 1469 2039 elestns
1482 1972 1518 2040 esi
1558 1994 1559 2044 t

498 2060 795 2146 inarchiepiscopum
813 2064 956 2123 Cantuar:

541 2156 634 2215 Anno
644 2151 767 2212 Domini
784 2146 1071 2225 721.Ethelbcrtus,
1085 2146 1333 2222 siliusWithredi,
1346 2151 1424 2234 regis
1436 2153 1518 2214 Cant:
1559 2151 1560 2200 i

498 2239 585 2304 dedit
608 2253 718 2302 terram
738 2238 827 2299 unius
849 2235 940 2297 aratri
961 2238 1040 2299 eirca
1060 2235 1115 2302 flua
1138 2234 1177 2300 de
1201 2238 1335 2313 Limeue,
1356 2237 1518 2315 Mildredae,

397 2344 399 2351 '
498 2349 573 2394 tuuc
589 2325 739 2392 abbatissae
753 2324 791 2388 de
805 2318 942 2387 Minstre.
1029 2329 1033 2340 ‘
1260 2401 1262 2412 ,
1462 2337 1469 2349 ·
1560 2306 1561 2343 ¹

690 2423 693 2430 ’
873 2428 889 2477 i.
902 2444 923 2478 e.
936 2426 1037 2477 monast.
1051 2430 1074 2477 S.
1086 2427 1187 2495 August.
1379 2481 1382 2488 ,

541 2505 610 2567 Rex
624 2503 762 2564 Canutus
776 2495 860 2560 dedit
875 2497 963 2559 nobis
979 2498 1143 2559 manerium
1157 2497 1196 2560 de
1211 2491 1347 2566 Minsbe.

522 2656 525 2659 ,
542 2594 634 2653 Anno
653 2585 776 2651 Domini
795 2589 889 2662 1⁴⁸0·
913 2581 1006 2646 insula
1019 2585 1056 2646 de
1069 2577 1221 2652 Thanetai
1241 2587 1335 2651 Danis
1354 2587 1459 2671 piratis
1475 2586 1520 2652 de·
1562 2643 1563 2655 ,

500 2675 640 2751 vastatur,
662 2672 879 2745 monasterium
901 2672 939 2735 de
964 2670 1094 2736 Mensire
1111 2673 1298 2737 comburitur
1319 2694 1389 2739 eum
1412 2678 1521 2741 clericis

502 2770 533 2831 ἃ
545 2763 658 2849 populo
672 2764 727 2845 qni
740 2761 832 2825 iilbuc
846 2760 1061 2824 confluxerant.

336 2858 454 2915 canonici
545 2858 636 2915 Anno
651 2850 774 2914 Domini
792 2868 887 2913 rooo.
900 2846 1042 2921 industria
1057 2846 1160 2911 Alsrici
1174 2848 1384 2936 archiepiscopi
1399 2854 1431 2916 ἃ
1441 2850 1522 2915 Wul·

336 2926 428 2994 *ΨΜ
440 2927 464 3005 ².
501 2939 569 3005 srici
588 2940 715 3017 abbatis,
736 2934 855 3021 expnifi
878 2932 946 3001 sunt
966 2936 1099 3001 canonici
1120 2938 1158 3003 ab
1179 2936 1300 3002 ecclesia
1323 2942 1353 3004 S.
1369 2941 1523 3005 Trinitatis

332 2989 478 3108 ffiffi,
502 3034 648 3095 Cantuar:

335 3124 439 3175 mido
936 3140 1098 3227 Lesandut.

497 3326 505 3335 ·
547 3294 700 3382 Principio
718 3293 857 3360 monachi
875 3310 958 3361 erant
978 3297 1010 3360 in
1025 3292 1145 3361 ecclesia
1160 3295 1331 3380 Trinitatis,
1356 3295 1462 3363 deinde
1480 3316 1524 3362 ca·

502 3387 612 3462 nonici,
636 3383 688 3467 3⁰.
704 3385 853 3448 monachi.

501 3493 506 3508 ·
544 3474 617 3561 Qo
631 3486 765 3555 tempore
779 3470 858 3537 Dani
874 3471 1016 3536 Cantuan
1035 3471 1295 3558 depopulabantur
1309 3474 1449 3539 monachi
1465 3477 1526 3538 Au·

502 3564 663 3646 gussiniani
674 3558 826 3624 thesauros
839 3557 1070 3638 abscondebant,
1086 3562 1141 3645 qui
1153 3580 1205 3623 nec
1220 3561 1292 3625 dum
1305 3562 1417 3625 inventi
1429 3558 1506 3626 sunt.

372 3646 431 3723 ng.
443 3670 482 3717 st·
546 3648 785 3711 nnn0=nomint
803 3666 898 3727 1207.
923 3648 1058 3712 Canutus
1074 3669 1128 3712 rex
1142 3648 1226 3712 dedit
1244 3651 1274 3710 S.
1291 3648 1474 3735 Augustino,
1498 3650 1527 3711 dc

500 3733 643 3801 fratribus
666 3735 758 3817 hujus
772 3734 950 3814 monasterii,
972 3756 1081 3821 corpus
1094 3736 1187 3802 beatae
1200 3734 1355 3801 Mildredae
1375 3758 1447 3803 cum
1465 3751 1526 3802 tota

502 3822 656 3888 terta-sua.

484 3928 509 3997 ,'
545 3916 637 3975 Anno
657 3912 782 3975 Domini
801 3930 894 3995 ¹030·
920 3910 1054 3977 Eistanus
1074 3912 1166 3978 abbas
1186 3932 1296 4002 corpus
1319 3917 1351 3977 S.
1367 3913 1526 3981 Mildredae

501 4018 553 4068 xv.
570 4003 635 4065 Cal.
652 4004 702 4077 Ju.
718 4000 756 4063 de
771 4000 916 4065 Thaneto
929 4002 967 4064 ad
981 4001 1190 4066 monasterium
1205 4000 1291 4067 suurn
1306 4002 1470 4067 transtulit.

549 4089 720 4171 stigandus,
743 4085 978 4172 archiepiscopus
993 4093 1135 4156 cantuar:
1152 4092 1183 4153 dt
1197 4088 1362 4175 Egelsrnus,
1385 4091 1480 4155 abbas
1496 4091 1526 4152 S.

504 4174 621 4259 Augus:
645 4175 766 4239 Cantios
789 4190 918 4239 armatos
939 4192 1043 4242 contra
1062 4178 1136 4241 Gnl.
1149 4176 1527 4264 ‘Notitnmproduxeruun

506 4279 542 4327 ut
560 4263 599 4325 stc
612 4260 713 4325 saltem
728 4263 895 4327 libertatem
910 4265 948 4329 ab
962 4269 1014 4328 illo
1027 4282 1258 4351 extorquerent.¹
1282 4278 1285 4284 “

547 4350 702 4435 Egelfinus
716 4350 816 4425 abbas,
839 4352 911 4416 Gul.
929 4354 1111 4435 tyrannidem
1125 4355 1245 4439 veritus,
1267 4374 1339 4429 cum
1352 4356 1471 4443 magnis
1485 4348 1528 4417 sui

502 4440 633 4504 coenobii
644 4433 789 4503 thesauris
797 4437 834 4527 ¹in
847 4441 972 4509 Daciam
988 4436 1131 4529 profugit.
1176 4500 1178 4505 .

1188 4586 1192 4595 ’
1304 4582 1318 4593 ”
1360 4572 1529 4705 'rinion
